A2201053              HIDROFORTETOCANTINS 104CAIXA ECON. FEDERAL 2019020200154403                                                                     
G0793003000026716    2019020120190204826600000004200105300100000070754081463700000000000042000000420000000012525    1                       1         
G0793003000026716    2019020120190204826400000006900105300100000070754081290200000000000069000000420000000022525    1                       1         
G0793003000026716    2019020120190204826700000001250105300100000061167002546300000000000012500000142000000030011    2                       1         
G0793003000026716    2019020120190204826900000010500105300100000071519081709200000000000105000000142000000043939    3                       1         
G0793003000026716    2019020120190204826600000006950105300100000060667002608500000000000069500000142000000053738    3                       1         
G0793003000026716    2019020120190204826800000004900105320190205000780006786800100000000049000000142000000063863    3                       1         
G0793003000026716    2019020120190204826800000003200105320190205005614006836800100000000032000000142000000070793    3                       1         
G0793003000026716    2019020120190204826000000003200105320190205005880006844100100000000032000000142000000080793    3                       1         
G0793003000026716    2019020120190204826600000004050105320190204070414035734800100000000040500000142000000091829    3                       1         
G0793003000026716    2019020120190204826500000005700105320190204070418035735200100000000057000000142000000101829    3                       1         
G0793003000026716    2019020120190204826800000009000105320190204070440035737000100000000090000000142000000111829    3                       1         
G0793003000026716    2019020120190205826000000003850105300100000061166002546200000000000038500000142000000123738    4                       1         
G0793003000026716    2019020120190205826200000003850105300100000060689002504100000000000038500000142000000133738    4                       1         
G0793003000026716    2019020120190205826500000004100105300100000070719081633300000000000041000000142000000141829    4                       1         
G0793003000026716    2019020120190205826800000004050105300100000070385020280000000000000040500000142000000150861    4                       1         
G0793003000026716    2019020120190205826300000003750105300100000060985002637600000000000037500000142000000163738    4                       1         
G0793003000026716    2019020120190205826900000003750105300100000060582002600800000000000037500000142000000173738    4                       1         
G0793003000026716    2019020120190205826700000003850105300100000061217002550900000000000038500000142000000183738    4                       1         
G0793003000026716    2019020120190205826400000004150105300100000070385020252800000000000041500000142000000190861    4                       1         
G0793003000026716    2019020120190205826400000002050105300100000061320002664900000000000020500000142000000203738    4                       1         
G0793003000026716    2019020120190205826300000001150105300100000060185002567700000000000011500000142000000213738    4                       1         
G0793003000026716    2019020120190205826800000003750105300100000061164002652900000000000037500000142000000223738    4                       1         
G0793003000026716    2019020120190205826400000006500105300100000060926002525700000000000065000000142000000233738    4                       1         
G0793003000026716    2019020120190205826700000005300105300100000061187002655000000000000053000000142000000243738    4                       1         
G0793003000026716    2019020120190205826700000005300105300100000060397002585600000000000053000000142000000253738    4                       1         
G0793003000026716    2019020120190205826700000001100105300100000061181002654400000000000011000000142000000263738    4                       1         
G0793003000026716    2019020120190205826400000003750105300100000060257002573900000000000037500000142000000273738    4                       1         
G0793003000026716    2019020120190205826000000004950105300100000061163002442900000000000049500000142000000283738    4                       1         
G0793003000026716    2019020120190205826200000004000105300100000060262002468400000000000040000000142000000293738    4                       1         
G0793003000026716    2019020120190205826700000004750105300100000060289002576600000000000047500000142000000303738    4                       1         
G0793003000026716    2019020120190205826100000005300105300100000060680002609800000000000053000000142000000313738    4                       1         
G0793003000026716    2019020120190205826900000005800105300100000061103002647700000000000058000000142000000323738    4                       1         
G0793003000026716    2019020120190205826900000005300105300100000060343002581000000000000053000000142000000333738    4                       1         
G0793003000026716    2019020120190205826700000003750105300100000060796002620800000000000037500000142000000343738    4                       1         
G0793003000026716    2019020120190205826000000004100105300100000070644081626000000000000041000000142000000353939    4                       1         
G0793003000026716    2019020120190205826500000004050105300100000070294020282500000000000040500000142000000361829    4                       1         
G0793003000026716    2019020120190205826800000004050105300100000070294020246600000000000040500000142000000371829    4                       1         
G0793003000026716    2019020120190205826800000001300105300100000070036020256800000000000013000000142000000381829    4                       1         
G0793003000026716    2019020120190205826000000004100105300100000070479081610400000000000041000000142000000393939    4                       1         
G0793003000026716    2019020120190205826000000001250105300100000070890081649400000000000012500000142000000403939    4                       1         
G0793003000026716    2019020120190205826000000001250105300100000070855081646200000000000012500000142000000413939    4                       1         
G0793003000026716    2019020120190205826800000004300105300100000071700081553300000000000043000000142000000423939    4                       1         
G0793003000026716    2019020120190205826400000004200105300100000071492081706900000000000042000000142000000433939    4                       1         
G0793003000026716    2019020120190205826400000004200105300100000070746081462900000000000042000000142000000443939    4                       1         
G0793003000026716    2019020120190205826400000004100105300100000071959081751000000000000041000000142000000453939    4                       1         
G0793003000026716    2019020120190205826400000004100105300100000071345081693200000000000041000000142000000463939    4                       1         
G0793003000026716    2019020120190205826400000004100105300100000071294081688100000000000041000000142000000473939    4                       1         
G0793003000026716    2019020120190205826400000004100105300100000071279081686600000000000041000000142000000483939    4                       1         
G0793003000026716    2019020120190205826400000004100105300100000071053081756000000000000041000000142000000493939    4                       1         
G0793003000026716    2019020120190205826400000004100105300100000070976081657300000000000041000000142000000503939    4                       1         
G0793003000026716    2019020120190205826400000004100105300100000070083081585600000000000041000000142000000513939    4                       1         
G0793003000026716    2019020120190205826400000004050105300100000070406081603500000000000040500000142000000523939    4                       1         
G0793003000026716    2019020120190205826400000003100105300100000070394081602400000000000031000000142000000533939    4                       1         
G0793003000026716    2019020120190205826400000001800105300100000070815081642400000000000018000000142000000543939    4                       1         
G0793003000026716    2019020120190205826400000001300105300100000071866081741900000000000013000000142000000553939    4                       1         
G0793003000026716    2019020120190205826400000001300105300100000070949081654800000000000013000000142000000563939    4                       1         
G0793003000026716    2019020120190205826400000001300105300100000070853081646100000000000013000000142000000573939    4                       1         
G0793003000026716    2019020120190205826400000001250105300100000070274081590900000000000012500000142000000583939    4                       1         
G0793003000026716    2019020120190205826600000006550105300100000070978081484500000000000065500000142000000593939    4                       1         
G0793003000026716    2019020120190205826300000003450105300100000070780081639200000000000034500000142000000603939    4                       1         
G0793003000026716    2019020120190205826300000001250105300100000071697081725700000000000012500000142000000613939    4                       1         
G0793003000026716    2019020120190205826300000001250105300100000071096081669000000000000012500000142000000623939    4                       1         
G0793003000026716    2019020120190205826200000011150105300100000071630081546600000000000111500000142000000633939    4                       1         
G0793003000026716    2019020120190205826200000009600105300100000071074081493900000000000096000000142000000643939    4                       1         
G0793003000026716    2019020120190205826200000006350105300100000071012081660900000000000063500000142000000653939    4                       1         
G0793003000026716    2019020120190205826200000005900105300100000070539081442800000000000059000000142000000663939    4                       1         
G0793003000026716    2019020120190205826600000005600105300100000071981081752500000000000056000000142000000673939    4                       1         
G0793003000026716    2019020120190205826600000004650105300100000071535081710700000000000046500000142000000683939    4                       1         
G0793003000026716    2019020120190205826200000004600105300100000071984081752700000000000046000000142000000693939    4                       1         
G0793003000026716    2019020120190205826600000004250105300100000070826081643500000000000042500000142000000703939    4                       1         
G0793003000026716    2019020120190205826300000004150105300100000071711081727000000000000041500000142000000713939    4                       1         
G0793003000026716    2019020120190205826300000004100105300100000071278081513200000000000041000000142000000723939    4                       1         
G0793003000026716    2019020120190205826300000004100105300100000071058081665300000000000041000000142000000733939    4                       1         
G0793003000026716    2019020120190205826300000004100105300100000071033081662900000000000041000000142000000743939    4                       1         
G0793003000026716    2019020120190205826300000004100105300100000070710081632400000000000041000000142000000753939    4                       1         
G0793003000026716    2019020120190205826300000004100105300100000070465081609200000000000041000000142000000763939    4                       1         
G0793003000026716    2019020120190205826300000004100105300100000070335081596800000000000041000000142000000773939    4                       1         
G0793003000026716    2019020120190205826900000004150105300100000071687081724800000000000041500000142000000783939    4                       1         
G0793003000026716    2019020120190205826900000004150105300100000071310081689700000000000041500000142000000793939    4                       1         
G0793003000026716    2019020120190205826300000001300105300100000070354020278000000000000013000000142000000801829    4                       1         
G0793003000026716    2019020120190205826900000005250105300100000070151020264300000000000052500000142000000811829    4                       1         
G0793003000026716    2019020120190205826400000006300105300100000070294020219600000000000063000000142000000821829    4                       1         
G0793003000026716    2019020120190205826100000004200105300100000070215020268400000000000042000000142000000831829    4                       1         
G0793003000026716    2019020120190205826600000001250105300100000070953081482300000000000012500000142000000843939    4                       1         
G0793003000026716    2019020120190205826500000023650105300100000070634081452000000000000236500000142000000853939    4                       1         
G0793003000026716    2019020120190205826000000003850105300100000060583002494600000000000038500000142000000863738    4                       1         
G0793003000026716    2019020120190205826600000001100105300100000060267002574700000000000011000000142000000873089    4                       1         
G0793003000026716    2019020120190205826300000007400105300100000004970006754500000000000074000000142000000880793    4                       1         
G0793003000026716    2019020120190205826900000013100105300100000060475002592600000000000131000000142000000893089    4                       1         
G0793003000026716    2019020120190205826300000004100105300100000070704081631800000000000041000000142000000901829    4                       1         
G0793003000026716    2019020120190205826600000003200105300100000005045006755300000000000032000000142000000910793    4                       1         
G0793003000026716    2019020120190205826000000004900105300100000071028081662500000000000049000000142000000923939    4                       1         
G0793003000026716    2019020120190205826200000004200105300100000071798081562700000000000042000000142000000933939    4                       1         
G0793003000026716    2019020120190205826500000003200105300100000005100006755900000000000032000000142000000940793    4                       1         
G0793003000026716    2019020120190205826700000005100105300100000005110006756000000000000051000000142000000950793    4                       1         
G0793003000026716    2019020120190205826000000001250105300100000070597081621300000000000012500000142000000963939    4                       1         
G0793003000026716    2019020120190205826500000004300105300100000071146081500700000000000043000000142000000973939    4                       1         
G0793003000026716    2019020120190205826200000004150105300100000070885081648900000000000041500000142000000983939    4                       1         
G0793003000026716    2019020120190205826200000004150105300100000070655081627100000000000041500000142000000993939    4                       1         
G0793003000026716    2019020120190205826200000004100105300100000071517081709000000000000041000000142000001003939    4                       1         
G0793003000026716    2019020120190205826200000004100105300100000071413081699800000000000041000000142000001013939    4                       1         
G0793003000026716    2019020120190205826200000004100105300100000071270081685700000000000041000000142000001023939    4                       1         
G0793003000026716    2019020120190205826200000004100105300100000071261081684800000000000041000000142000001033939    4                       1         
G0793003000026716    2019020120190205826200000004100105300100000070757081636900000000000041000000142000001043939    4                       1         
G0793003000026716    2019020120190205826200000004100105300100000070521081614000000000000041000000142000001053939    4                       1         
G0793003000026716    2019020120190205826200000001350105300100000071793081734800000000000013500000142000001063939    4                       1         
G0793003000026716    2019020120190205826200000001300105300100000070482081610700000000000013000000142000001073939    4                       1         
G0793003000026716    2019020120190205826200000001250105300100000070423081605200000000000012500000142000001083939    4                       1         
G0793003000026716    2019020120190205826200000001250105300100000071139081673200000000000012500000142000001093939    4                       1         
G0793003000026716    2019020120190205826200000001250105300100000070648081626400000000000012500000142000001103939    4                       1         
G0793003000026716    2019020120190205826100000009900105300100000071217081680400000000000099000000142000001113939    4                       1         
G0793003000026716    2019020120190205826000000004150105300100000071286081687300000000000041500000142000001123939    4                       1         
G0793003000026716    2019020120190205826100000009000105300100000070292081419700000000000090000000142000001133939    4                       1         
G0793003000026716    2019020120190205826000000004650105300100000071652081721700000000000046500000142000001143939    4                       1         
G0793003000026716    2019020120190205826000000004150105300100000070610081622600000000000041500000142000001153939    4                       1         
G0793003000026716    2019020120190205826000000004100105300100000071524081709600000000000041000000142000001163939    4                       1         
G0793003000026716    2019020120190205826000000004100105300100000071319081690600000000000041000000142000001173939    4                       1         
G0793003000026716    2019020120190205826000000004100105300100000070696081631000000000000041000000142000001183939    4                       1         
G0793003000026716    2019020120190205826500000010800105300100000071204081506000000000000108000000142000001193939    4                       1         
G0793003000026716    2019020120190205826500000009950105300100000071072081666700000000000099500000142000001203939    4                       1         
G0793003000026716    2019020120190205826900000004100105300100000071741081729800000000000041000000142000001213939    4                       1         
G0793003000026716    2019020120190205826900000004100105300100000070980081657700000000000041000000142000001223939    4                       1         
G0793003000026716    2019020120190205826500000009200105300100000071666081722800000000000092000000142000001233939    4                       1         
G0793003000026716    2019020120190205826900000004100105300100000070742081635500000000000041000000142000001243939    4                       1         
G0793003000026716    2019020120190205826100000002400105300100000070819081469900000000000024000000142000001253939    4                       1         
G0793003000026716    2019020120190205826900000004100105300100000070653081626900000000000041000000142000001263939    4                       1         
G0793003000026716    2019020120190205826100000001300105300100000071245081683200000000000013000000142000001273939    4                       1         
G0793003000026716    2019020120190205826000000033700105300100000071621081718800000000000337000000142000001283939    4                       1         
G0793003000026716    2019020120190205826500000007750105300100000070671081628700000000000077500000142000001293939    4                       1         
G0793003000026716    2019020120190205826500000007150105300100000071323081517700000000000071500000142000001303939    4                       1         
G0793003000026716    2019020120190205826000000011650105300100000071043081490800000000000116500000142000001313939    4                       1         
G0793003000026716    2019020120190205826500000007000105300100000071968081579100000000000070000000142000001323939    4                       1         
G0793003000026716    2019020120190205826900000004100105300100000070559081617700000000000041000000142000001333939    4                       1         
G0793003000026716    2019020120190205826900000004100105300100000070544081616200000000000041000000142000001343939    4                       1         
G0793003000026716    2019020120190205826900000004100105300100000070271081590600000000000041000000142000001353939    4                       1         
G0793003000026716    2019020120190205826500000006450105300100000071339081692600000000000064500000142000001363939    4                       1         
G0793003000026716    2019020120190205826500000005900105300100000070749081463200000000000059000000142000001373939    4                       1         
G0793003000026716    2019020120190205826500000005800105300100000070439081433800000000000058000000142000001383939    4                       1         
G0793003000026716    2019020120190205826500000004650105300100000070276081418300000000000046500000142000001393939    4                       1         
G0793003000026716    2019020120190205826500000004300105300100000071833081566200000000000043000000142000001403939    4                       1         
G0793003000026716    2019020120190205826800000004200105300100000071276081513000000000000042000000142000001413939    4                       1         
G0793003000026716    2019020120190205826800000004100105300100000070718081633200000000000041000000142000001423939    4                       1         
G0793003000026716    2019020120190205826800000001850105300100000070608081622400000000000018500000142000001433939    4                       1         
G0793003000026716    2019020120190205826800000001250105300100000071843081739800000000000012500000142000001443939    4                       1         
G0793003000026716    2019020120190205826800000001250105300100000070421081605000000000000012500000142000001453939    4                       1         
G0793003000026716    2019020120190205826800000001250105300100000070338081597100000000000012500000142000001463939    4                       1         
G0793003000026716    2019020120190205826900000013500105300100000071783081561200000000000135000000142000001473939    4                       1         
G0793003000026716    2019020120190205826100000006450105300100000071884081571100000000000064500000142000001483939    4                       1         
G0793003000026716    2019020120190205826100000004100105300100000071949081577400000000000041000000142000001493939    4                       1         
G0793003000026716    2019020120190205826100000004100105300100000071614081718100000000000041000000142000001503939    4                       1         
G0793003000026716    2019020120190205826100000004100105300100000071247081683400000000000041000000142000001513939    4                       1         
G0793003000026716    2019020120190205826100000004100105300100000070601081621700000000000041000000142000001523939    4                       1         
G0793003000026716    2019020120190205826900000004300105300100000070253081588800000000000043000000142000001533939    4                       1         
G0793003000026716    2019020120190205826700000001350105300100000071825081565400000000000013500000142000001543939    4                       1         
G0793003000026716    2019020120190205826700000001250105300100000070326081595900000000000012500000142000001553939    4                       1         
G0793003000026716    2019020120190205826600000012250105300100000071549081711700000000000122500000142000001563939    4                       1         
G0793003000026716    2019020120190205826100000006350105300100000071179081677000000000000063500000142000001573939    4                       1         
G0793003000026716    2019020120190205826100000005800105300100000071374081695900000000000058000000142000001583939    4                       1         
G0793003000026716    2019020120190205826100000004300105300100000070881081648600000000000043000000142000001593939    4                       1         
G0793003000026716    2019020120190205826100000004250105300100000071728081555900000000000042500000142000001603939    4                       1         
G0793003000026716    2019020120190205826100000004150105300100000071502081707900000000000041500000142000001613939    4                       1         
G0793003000026716    2019020120190205826100000004150105300100000070631081624700000000000041500000142000001623939    4                       1         
G0793003000026716    2019020120190205826900000008350105300100000071197081678700000000000083500000142000001633939    4                       1         
G0793003000026716    2019020120190205826600000004200105300100000070433081606100000000000042000000142000001643939    4                       1         
G0793003000026716    2019020120190205826500000004200105300100000071295081514900000000000042000000142000001653939    4                       1         
G0793003000026716    2019020120190205826500000004150105300100000070139081586200000000000041500000142000001663939    4                       1         
G0793003000026716    2019020120190205826500000003500105300100000070373081427500000000000035000000142000001673939    4                       1         
G0793003000026716    2019020120190205826500000002400105300100000070403081603200000000000024000000142000001683939    4                       1         
G0793003000026716    2019020120190205826500000001350105300100000071908081746100000000000013500000142000001693939    4                       1         
G0793003000026716    2019020120190205826400000006800105300100000071662081549600000000000068000000142000001703939    4                       1         
G0793003000026716    2019020120190205826400000005200105300100000071848081567700000000000052000000142000001713939    4                       1         
G0793003000026716    2019020120190205826400000005150105300100000070299081420400000000000051500000142000001723939    4                       1         
G0793003000026716    2019020120190205826700000008500105300100000071117081671000000000000085000000142000001733939    4                       1         
G0793003000026716    2019020120190205826700000008350105300100000071111081670400000000000083500000142000001743939    4                       1         
G0793003000026716    2019020120190205826700000007650105300100000071575081714200000000000076500000142000001753939    4                       1         
G0793003000026716    2019020120190205826700000006350105300100000071607081717400000000000063500000142000001763939    4                       1         
G0793003000026716    2019020120190205826700000005450105300100000071042081490700000000000054500000142000001773939    4                       1         
G0793003000026716    2019020120190205826700000005300105300100000071321081690800000000000053000000142000001783939    4                       1         
G0793003000026716    2019020120190205826700000004350105300100000070665081628100000000000043500000142000001793939    4                       1         
G0793003000026716    2019020120190205826700000004150105300100000071937081748900000000000041500000142000001803939    4                       1         
G0793003000026716    2019020120190205826900000001250105300100000071199081678900000000000012500000142000001813939    4                       1         
G0793003000026716    2019020120190205826900000001250105300100000070924081652600000000000012500000142000001823939    4                       1         
G0793003000026716    2019020120190205826900000001250105300100000070899081650300000000000012500000142000001833939    4                       1         
G0793003000026716    2019020120190205826900000001250105300100000070483081610800000000000012500000142000001843939    4                       1         
G0793003000026716    2019020120190205826800000012250105300100000070975081657200000000000122500000142000001853939    4                       1         
G0793003000026716    2019020120190205826800000008350105300100000071602081716900000000000083500000142000001863939    4                       1         
G0793003000026716    2019020120190205826800000006750105300100000071620081718700000000000067500000142000001873939    4                       1         
G0793003000026716    2019020120190205826700000004100105300100000071576081714300000000000041000000142000001883939    4                       1         
G0793003000026716    2019020120190205826700000004100105300100000071236081682300000000000041000000142000001893939    4                       1         
G0793003000026716    2019020120190205826700000004100105300100000071053081491800000000000041000000142000001903939    4                       1         
G0793003000026716    2019020120190205826700000004100105300100000070870081647600000000000041000000142000001913939    4                       1         
G0793003000026716    2019020120190205826700000004100105300100000070675081629100000000000041000000142000001923939    4                       1         
G0793003000026716    2019020120190205826600000004100105300100000072000081753600000000000041000000142000001933939    4                       1         
G0793003000026716    2019020120190205826600000004100105300100000071346081520000000000000041000000142000001943939    4                       1         
G0793003000026716    2019020120190205826600000004100105300100000071121081671400000000000041000000142000001953939    4                       1         
G0793003000026716    2019020120190205826600000004100105300100000070457081435500000000000041000000142000001963939    4                       1         
G0793003000026716    2019020120190205826600000003500105300100000071735081729300000000000035000000142000001973939    4                       1         
G0793003000026716    2019020120190205826600000002750105300100000071967081751700000000000027500000142000001983939    4                       1         
G0793003000026716    2019020120190205826900000001100105300100000060500002594700000000000011000000142000001993738    4                       1         
G0793003000026716    2019020120190205826800000008300105300100000060959002635300000000000083000000142000002003738    4                       1         
G0793003000026716    2019020120190205826100000004200105300100000070970035698500000000000042000000142000002011829    4                       1         
G0793003000026716    2019020120190205826800000006350105300100000060295002577100000000000063500000142000002023738    4                       1         
G0793003000026716    2019020120190205826700000004200105300100000070677035677300000000000042000000142000002031829    4                       1         
G0793003000026716    2019020120190205826400000003200105300100000005860006772900000000000032000000142000002043863    4                       1         
G0793003000026716    2019020120190205826700000004150105300100000071014035701300000000000041500000142000002051829    4                       1         
G0793003000026716    2019020120190205826900000001300105300100000070788035685700000000000013000000142000002061829    4                       1         
G0793003000026716    2019020120190205826000000008200105300100000070912035693900000000000082000000142000002071829    4                       1         
G0793003000026716    2019020120190205826100000003250105300100000004300006748600000000000032500000142000002083863    4                       1         
G0793003000026716    2019020120190205826100000003200105300100000005930006774300000000000032000000142000002093863    4                       1         
G0793003000026716    2019020120190205826200000007100105300100000000760006715700000000000071000000142000002103863    4                       1         
G0793003000026716    2019020120190205826900000004250105300100000070663035676000000000000042500000142000002111829    4                       1         
G0793003000026716    2019020120190205826600000007700105300100000000550006713500000000000077000000142000002123863    4                       1         
G0793003000026716    2019020120190205826700000003750105300100000060882002628200000000000037500000142000002133738    4                       1         
G0793003000026716    2019020120190205826800000004750105300100000060570002600000000000000047500000142000002143738    4                       1         
G0793003000026716    2019020120190205826600000003750105300100000060495002594200000000000037500000142000002153738    4                       1         
G0793003000026716    2019020120190205826100000003950105300100000060840002517600000000000039500000142000002163738    4                       1         
G0793003000026716    2019020120190205826100000003850105300100000060433002482400000000000038500000142000002173738    4                       1         
G0793003000026716    2019020120190205826000000007250105300100000070521035666300000000000072500000142000002181829    4                       1         
G0793003000026716    2019020120190205826800000004700105300100000002078006656200000000000047000000142000002193863    4                       1         
G0793003000026716    2019020120190205826500000007050105300100000070599035595300000000000070500000142000002201829    4                       1         
G0793003000026716    2019020120190205826100000003850105300100000060372002477400000000000038500000142000002213738    4                       1         
G0793003000026716    2019020120190205826000000005200105300100000070845035689600000000000052000000142000002221829    4                       1         
G0793003000026716    2019020120190205826200000011800105300100000070362035654800000000000118000000142000002231829    4                       1         
G0793003000026716    2019020120190205826500000005400105300100000070676035677200000000000054000000142000002241829    4                       1         
G0793003000026716    2019020120190205826500000003200105300100000005561006762100000000000032000000142000002253863    4                       1         
G0793003000026716    2019020120190205826800000001300105300100000070767035684100000000000013000000142000002261829    4                       1         
G0793003000026716    2019020120190205826100000007850105300100000060646002500000000000000078500000142000002273738    4                       1         
G0793003000026716    2019020120190205826100000006400105300100000061032002641800000000000064000000142000002283738    4                       1         
G0793003000026716    2019020120190205826100000006300105300100000060994002638500000000000063000000142000002293738    4                       1         
G0793003000026716    2019020120190205826700000003750105300100000060562002599300000000000037500000142000002303738    4                       1         
G0793003000026716    2019020120190205826700000003750105300100000060228002571200000000000037500000142000002313738    4                       1         
G0793003000026716    2019020120190205826400000003750105300100000060350002581700000000000037500000142000002323738    4                       1         
G0793003000026716    2019020120190205826600000021200105300100000060910002630700000000000212000000142000002333738    4                       1         
G0793003000026716    2019020120190205826400000004350105300100000060947002634200000000000043500000142000002343738    4                       1         
G0793003000026716    2019020120190205826400000003850105300100000061311002559400000000000038500000142000002353738    4                       1         
G0793003000026716    2019020120190205826400000003750105300100000060777002512200000000000037500000142000002363738    4                       1         
G0793003000026716    2019020120190205826400000003750105300100000060378002584000000000000037500000142000002373738    4                       1         
G0793003000026716    2019020120190205826600000008500105300100000060618002604300000000000085000000142000002383738    4                       1         
G0793003000026716    2019020120190205826600000006950105300100000060713002612900000000000069500000142000002393738    4                       1         
G0793003000026716    2019020120190205826300000003750105300100000060772002618600000000000037500000142000002403738    4                       1         
G0793003000026716    2019020120190205826300000003750105300100000060717002613300000000000037500000142000002413738    4                       1         
G0793003000026716    2019020120190205826300000003750105300100000060615002604000000000000037500000142000002423738    4                       1         
G0793003000026716    2019020120190205826300000003750105300100000060542002597800000000000037500000142000002433738    4                       1         
G0793003000026716    2019020120190205826300000003750105300100000060206002569400000000000037500000142000002443738    4                       1         
G0793003000026716    2019020120190205826300000003750105300100000060499002594600000000000037500000142000002453738    4                       1         
G0793003000026716    2019020120190205826300000003750105300100000060402002479900000000000037500000142000002463738    4                       1         
G0793003000026716    2019020120190205826300000003750105300100000060392002585100000000000037500000142000002473738    4                       1         
G0793003000026716    2019020120190205826300000003750105300100000060218002570500000000000037500000142000002483738    4                       1         
G0793003000026716    2019020120190205826300000001100105300100000060757002617200000000000011000000142000002493738    4                       1         
G0793003000026716    2019020120190205826200000012000105300100000060332002580000000000000120000000142000002503738    4                       1         
G0793003000026716    2019020120190205826200000008300105300100000060538002597400000000000083000000142000002513738    4                       1         
G0793003000026716    2019020120190205826200000007200105300100000060194002462400000000000072000000142000002523738    4                       1         
G0793003000026716    2019020120190205826200000004650105300100000061292002662800000000000046500000142000002533738    4                       1         
G0793003000026716    2019020120190205826300000011300105300100000061123002649400000000000113000000142000002543738    4                       1         
G0793003000026716    2019020120190205826300000003900105300100000060516002489900000000000039000000142000002553738    4                       1         
G0793003000026716    2019020120190205826700000004900105300100000060334002474000000000000049000000142000002563738    4                       1         
G0793003000026716    2019020120190205826500000003750105300100000061042002642600000000000037500000142000002573738    4                       1         
G0793003000026716    2019020120190205826300000003750105300100000060896002629500000000000037500000142000002583738    4                       1         
G0793003000026716    2019020120190205826900000003850105300100000060866002520000000000000038500000142000002593738    4                       1         
G0793003000026716    2019020120190205826900000003850105300100000060461002485100000000000038500000142000002603738    4                       1         
G0793003000026716    2019020120190205826500000003750105300100000060312002578300000000000037500000142000002613738    4                       1         
G0793003000026716    2019020120190205826500000001100105300100000060799002514300000000000011000000142000002623738    4                       1         
G0793003000026716    2019020120190205826700000007000105300100000061125002649600000000000070000000142000002633738    4                       1         
G0793003000026716    2019020120190205826400000011550105300100000061044002535800000000000115500000142000002643738    4                       1         
G0793003000026716    2019020120190205826400000008950105300100000060569002599900000000000089500000142000002653738    4                       1         
G0793003000026716    2019020120190205826000000003850105300100000060671002502300000000000038500000142000002663738    4                       1         
G0793003000026716    2019020120190205826700000003850105300100000060434002482500000000000038500000142000002673738    4                       1         
G0793003000026716    2019020120190205826900000001100105300100000060799002621100000000000011000000142000002683738    4                       1         
G0793003000026716    2019020120190205826100000003750105300100000061058002643800000000000037500000142000002693738    4                       1         
G0793003000026716    2019020120190205826100000001100105300100000061109002648100000000000011000000142000002703738    4                       1         
G0793003000026716    2019020120190205826000000006450105300100000060699002504900000000000064500000142000002713738    4                       1         
G0793003000026716    2019020120190205826000000005800105300100000060244002572700000000000058000000142000002723738    4                       1         
G0793003000026716    2019020120190205826200000003900105300100000060803002621500000000000039000000142000002733738    4                       1         
G0793003000026716    2019020120190205826500000004750105300100000060878002628000000000000047500000142000002743738    4                       1         
G0793003000026716    2019020120190205826000000005000105300100000060335002474100000000000050000000142000002753738    4                       1         
G0793003000026716    2019020120190205826200000003850105300100000060496002594300000000000038500000142000002763738    4                       1         
G0793003000026716    2019020120190205826200000003750105300100000060199002568900000000000037500000142000002773738    4                       1         
G0793003000026716    2019020120190205826000000004700105300100000061124002649500000000000047000000142000002783738    4                       1         
G0793003000026716    2019020120190205826100000041450105300100000060977002529900000000000414500000142000002793738    4                       1         
G0793003000026716    2019020120190205826000000004250105300100000061149002651500000000000042500000142000002803738    4                       1         
G0793003000026716    2019020120190205826000000003750105300100000061079002645500000000000037500000142000002813738    4                       1         
G0793003000026716    2019020120190205826000000001200105300100000060619002497900000000000012000000142000002823738    4                       1         
G0793003000026716    2019020120190205826700000003750105300100000060217002570400000000000037500000142000002833738    4                       1         
G0793003000026716    2019020120190205826900000011200105300100000061157002652300000000000112000000142000002843738    4                       1         
G0793003000026716    2019020120190205826000000003850105300100000060486002593500000000000038500000142000002853738    4                       1         
G0793003000026716    2019020120190205826800000004250105300100000060341002580800000000000042500000142000002863738    4                       1         
G0793003000026716    2019020120190205826800000003750105300100000060882002521500000000000037500000142000002873738    4                       1         
G0793003000026716    2019020120190205826800000003750105300100000060640002606100000000000037500000142000002883738    4                       1         
G0793003000026716    2019020120190205826800000003750105300100000060240002572300000000000037500000142000002893738    4                       1         
G0793003000026716    2019020120190205826800000001100105300100000060891002629100000000000011000000142000002903738    4                       1         
G0793003000026716    2019020120190205826300000004000105300100000060350002475500000000000040000000142000002913738    4                       1         
G0793003000026716    2019020120190205826400000003750105300100000060212002569900000000000037500000142000002923738    4                       1         
G0793003000026716    2019020120190205826200000007300105320190114000666010304300100000000073000000142000002931829    4                       1         
G0793003000026716    2019020120190205826300000004150105320190204070446035737400100000000041500000142000002941829    4                       1         
G0793003000026716    2019020120190205826800000004150105320190204070437035736700100000000041500000142000002951829    4                       1         
G0793003000026716    2019020120190205826500000004050105320190204070400035733700100000000040500000142000002961829    4                       1         
G0793003000026716    2019020120190205826100000004050105320190204070560035746000100000000040500000142000002971829    4                       1         
G0793003000026716    2019020120190205826600000004250105320190204070972035776400100000000042500000142000002981829    4                       1         
G0793003000026716    2019020120190205826100000004050105320190204070805035764100100000000040500000142000002991829    4                       1         
G0793003000026716    2019020120190205826100000004050105320190204070738035759500100000000040500000142000003001829    4                       1         
G0793003000026716    2019020120190205826000000008500105320190204070960035775400100000000085000000142000003011829    4                       1         
G0793003000026716    2019020120190205826500000001250105320190204070129035714100100000000012500000142000003021829    4                       1         
G0793003000026716    2019020120190205826200000006650105320190114000138010267900100000000066500000142000003031829    4                       1         
G0793003000026716    2019020120190205826300000004050105320190204070091035712300100000000040500000142000003041829    4                       1         
G0793003000026716    2019020120190205826000000001300105320190204070275035724800100000000013000000142000003051829    4                       1         
G0793003000026716    2019020120190205826200000006550105320190214000470010413400100000000065500000142000003061829    4                       1         
G0793003000026716    2019020120190205826200000005950105320190114001584010364800100000000059500000142000003071829    4                       1         
G0793003000026716    2019020120190205826600000004200105320190214001214010463500100000000042000000142000003081829    4                       1         
G0793003000026716    2019020120190205826600000005450105320190214000212010396500100000000054500000142000003091829    4                       1         
G0793003000026716    2019020120190205826300000010100105320190214000823010440700100000000101000000142000003101829    4                       1         
G0793003000026716    2019020120190205826300000006650105320190114000188010271500100000000066500000142000003111829    4                       1         
G0793003000026716    2019020120190205826300000005350105320190214001421010477100100000000053500000142000003121829    4                       1         
G0793003000026716    2019020120190205826300000004350105320190114001552010362700100000000043500000142000003131829    4                       1         
G0793003000026716    2019020120190205826300000004300105320190214000817010440200100000000043000000142000003141829    4                       1         
G0793003000026716    2019020120190205826600000004200105320190214000700010430200100000000042000000142000003151829    4                       1         
G0793003000026716    2019020120190205826600000004200105320190214000459010412900100000000042000000142000003161829    4                       1         
G0793003000026716    2019020120190205826300000004200105320190214000360010406400100000000042000000142000003171829    4                       1         
G0793003000026716    2019020120190205826500000004200105320190214000533010417700100000000042000000142000003181829    4                       1         
G0793003000026716    2019020120190205826600000004200105320190114000603010299600100000000042000000142000003191829    4                       1         
G0793003000026716    2019020120190205826500000004200105320190214000110010389000100000000042000000142000003201829    4                       1         
G0793003000026716    2019020120190205826500000004200105320190114000702010307200100000000042000000142000003211829    4                       1         
G0793003000026716    2019020120190205826400000008650105320190114000581010297900100000000086500000142000003221829    4                       1         
G0793003000026716    2019020120190205826400000008200105320190214001273010467400100000000082000000142000003231829    4                       1         
G0793003000026716    2019020120190205826700000004800105320190204070023035707700100000000048000000142000003241829    4                       1         
G0793003000026716    2019020120190205826700000004200105320190214001561010485600100000000042000000142000003251829    4                       1         
G0793003000026716    2019020120190205826700000004200105320190214000734010433000100000000042000000142000003261829    4                       1         
G0793003000026716    2019020120190205826700000004200105320190114000359010283300100000000042000000142000003271829    4                       1         
G0793003000026716    2019020120190205826700000004200105320181114000739010055100100000000042000000142000003281829    4                       1         
G0793003000026716    2019020120190205826800000006050105320190214000899010445100100000000060500000142000003291829    4                       1         
G0793003000026716    2019020120190205826000000012950105320190114000183010271200100000000129500000142000003301829    4                       1         
G0793003000026716    2019020120190205826000000004400105320190214001727010496300100000000044000000142000003311829    4                       1         
G0793003000026716    2019020120190205826300000001250105320190204070687035755400100000000012500000142000003321829    4                       1         
G0793003000026716    2019020120190205826400000004050105320190204070584035747400100000000040500000142000003331829    4                       1         
G0793003000026716    2019020120190205826600000006300105320190204070963035775700100000000063000000142000003341829    4                       1         
G0793003000026716    2019020120190205826300000004050105320190204070190035717500100000000040500000142000003351829    4                       1         
G0793003000026716    2019020120190205826200000004200105320190114001042010330700100000000042000000142000003361829    4                       1         
G0793003000026716    2019020120190205826800000005350105320190201001068000612800100000000053500000142000003371141    4                       1         
G0793003000026716    2019020120190205826200000004200105320181213000739010184500100000000042000000142000003381829    4                       1         
G0793003000026716    2019020120190205826000000004300105320190214001155010460000100000000043000000142000003391829    4                       1         
G0793003000026716    2019020120190205826000000004300105320190114001411010353500100000000043000000142000003401829    4                       1         
G0793003000026716    2019020120190205826800000004300105320190201002012000678800100000000043000000142000003411141    4                       1         
G0793003000026716    2019020120190205826500000004300105320190201000445000563900100000000043000000142000003421141    4                       1         
G0793003000026716    2019020120190205826500000004300105320190103000701000413900100000000043000000142000003431141    4                       1         
G0793003000026716    2019020120190205826700000004150105320190204070255035723000100000000041500000142000003441829    4                       1         
G0793003000026716    2019020120190205826400000003400105320190205005956006846600100000000034000000142000003453863    4                       1         
G0793003000026716    2019020120190205826700000004050105320190204070594035748100100000000040500000142000003461829    4                       1         
G0793003000026716    2019020120190205826600000003100105320190205000270006782000100000000031000000142000003473863    4                       1         
G0793003000026716    2019020120190205826300000003100105320190205003660006813400100000000031000000142000003483863    4                       1         
G0793003000026716    2019020120190205826100000003100105320190205006019006850700100000000031000000142000003493863    4                       1         
G0793003000026716    2019020120190205826400000003100105320190205005815006843000100000000031000000142000003503863    4                       1         
G0793003000026716    2019020120190205826200000004300105320190201001866000668200100000000043000000142000003511141    4                       1         
G0793003000026716    2019020120190205826200000004300105320190201001631000651800100000000043000000142000003521141    4                       1         
G0793003000026716    2019020120190205826100000003100105320190205005553006832100100000000031000000142000003533863    4                       1         
G0793003000026716    2019020120190205826000000006950105320190205000660006785700100000000069500000142000003543863    4                       1         
G0793003000026716    2019020120190205826200000003300105320190205003110006808000100000000033000000142000003553863    4                       1         
G0793003000026716    2019020120190205826000000004250105320190204070077035711300100000000042500000142000003561829    4                       1         
G0793003000026716    2019020120190205826700000009700105320190205006024006851100100000000097000000142000003573863    4                       1         
G0793003000026716    2019020120190205826600000003100105320190205001520006793600100000000031000000142000003583863    4                       1         
G0793003000026716    2019020120190205826400000006100105320190205000970006788100100000000061000000142000003593863    4                       1         
G0793003000026716    2019020120190205826000000004150105320190204070453035738000100000000041500000142000003601829    4                       1         
G0793003000026716    2019020120190205826000000004150105320190204070267035724100100000000041500000142000003611829    4                       1         
G0793003000026716    2019020120190205826200000004050105320190204070624035750300100000000040500000142000003621829    4                       1         
G0793003000026716    2019020120190205826400000004700105320190205000800006786900100000000047000000142000003633863    4                       1         
G0793003000026716    2019020120190205826900000003100105320190205005755006841900100000000031000000142000003643863    4                       1         
G0793003000026716    2019020120190205826000000004050105320190204071017035779400100000000040500000142000003651829    4                       1         
G0793003000026716    2019020120190205826200000011100105320190201002061000682200100000000111000000142000003661141    4                       1         
G0793003000026716    2019020120190205826200000004700105320190205004350006819400100000000047000000142000003673863    4                       1         
G0793003000026716    2019020120190205826300000004550105320190205001140006790100100000000045500000142000003683863    4                       1         
G0793003000026716    2019020120190205826100000007950105320190205004010006816200100000000079500000142000003693863    4                       1         
G0793003000026716    2019020120190205826100000004700105320190205003990006816000100000000047000000142000003703863    4                       1         
G0793003000026716    2019020120190205826900000005550105320190205004430006820000100000000055500000142000003713863    4                       1         
G0793003000026716    2019020120190205826700000003200105320190205005521006829900100000000032000000142000003723863    4                       1         
G0793003000026716    2019020120190205826200000004300105320190201000064000534400100000000043000000142000003731141    4                       1         
G0793003000026716    2019020120190205826500000004150105320190124070295020273800100000000041500000142000003741829    4                       1         
G0793003000026716    2019020120190205826400000004200105320190115000511022045800100000000042000000142000003753738    4                       1         
G0793003000026716    2019020120190205826100000004200105320190115000474022042400100000000042000000142000003763738    4                       1         
G0793003000026716    2019020120190205826200000004300105320190103001989000507000100000000043000000142000003771141    4                       1         
G0793003000026716    2019020120190205826200000004200105320190201000554000573400100000000042000000142000003781141    4                       1         
G0793003000026716    2019020120190205826200000004200105320190201000037000532700100000000042000000142000003791141    4                       1         
G0793003000026716    2019020120190205826100000027750105320190201000194000543800100000000277500000142000003801141    4                       1         
G0793003000026716    2019020120190205826100000011950105320190201001566000646600100000000119500000142000003811141    4                       1         
G0793003000026716    2019020120190205826100000010850105320190103002002000508100100000000108500000142000003821141    4                       1         
G0793003000026716    2019020120190205826100000008450105320190201000099000537200100000000084500000142000003831141    4                       1         
G0793003000026716    2019020120190205826000000004350105320190201000256000548500100000000043500000142000003841141    4                       1         
G0793003000026716    2019020120190205826000000004200105320190201000781000591600100000000042000000142000003851141    4                       1         
G0793003000026716    2019020120190205826000000004300105320190201001517000643900100000000043000000142000003861141    4                       1         
G0793003000026716    2019020120190205826000000004300105320190114001331010348300100000000043000000142000003871829    4                       1         
G0793003000026716    2019020120190205826100000004200105320190315000831022142600100000000042000000142000003883738    4                       1         
G0793003000026716    2019020120190205826000000004050105320181224070295020246700100000000040500000142000003891829    4                       1         
G0793003000026716    2019020120190205826900000004200105320190115000831022071100100000000042000000142000003903738    4                       1         
G0793003000026716    2019020120190205826400000004200105320190214001607010488900100000000042000000142000003911829    4                       1         
G0793003000026716    2019020120190205826100000004200105320190115000780022068300100000000042000000142000003923738    4                       1         
G0793003000026716    2019020120190205826800000004200105320190214001040010453500100000000042000000142000003931829    4                       1         
G0793003000026716    2019020120190205826800000004350105320190114000787010314400100000000043500000142000003941829    4                       1         
G0793003000026716    2019020120190205826800000004300105320190214000221010397100100000000043000000142000003951829    4                       1         
G0793003000026716    2019020120190205826800000004300105320190114000872010320800100000000043000000142000003961829    4                       1         
G0793003000026716    2019020120190205826800000004300105320190114000828010317800100000000043000000142000003971829    4                       1         
G0793003000026716    2019020120190205826800000004300105320190114000211010273200100000000043000000142000003981829    4                       1         
G0793003000026716    2019020120190205826800000004200105320190214001680010493400100000000042000000142000003991829    4                       1         
G0793003000026716    2019020120190205826800000004200105320190214001598010488300100000000042000000142000004001829    4                       1         
G0793003000026716    2019020120190205826800000004050105320190204070073035711200100000000040500000142000004011829    4                       1         
G0793003000026716    2019020120190205826700000012600105320190114000930010324200100000000126000000142000004021829    4                       1         
G0793003000026716    2019020120190205826900000010850105320190214001741010497000100000000108500000142000004031829    4                       1         
G0793003000026716    2019020120190205826100000004950105320190114001077010332200100000000049500000142000004041829    4                       1         
G0793003000026716    2019020120190205826100000004450105320190114001108010334000100000000044500000142000004051829    4                       1         
G0793003000026716    2019020120190205826100000004300105320190214001018010452300100000000043000000142000004061829    4                       1         
G0793003000026716    2019020120190205826100000004300105320190114000221010273900100000000043000000142000004071829    4                       1         
G0793003000026716    2019020120190205826100000004200105320190214001711010495300100000000042000000142000004081829    4                       1         
G0793003000026716    2019020120190205826100000004200105320190214000176010393900100000000042000000142000004091829    4                       1         
G0793003000026716    2019020120190205826100000004200105320190114000933010324400100000000042000000142000004101829    4                       1         
G0793003000026716    2019020120190205826900000004300105320190114001127010335000100000000043000000142000004111829    4                       1         
G0793003000026716    2019020120190205826900000004200105320190214001409010476400100000000042000000142000004121829    4                       1         
G0793003000026716    2019020120190205826900000004200105320190214000603010422900100000000042000000142000004131829    4                       1         
G0793003000026716    2019020120190205826900000004200105320190214000052010385000100000000042000000142000004141829    4                       1         
G0793003000026716    2019020120190205826400000004350105320190114001040010330600100000000043500000142000004151829    4                       1         
G0793003000026716    2019020120190205826400000004300105320190214001444010478800100000000043000000142000004161829    4                       1         
G0793003000026716    2019020120190205826400000004200105320190214001042010453600100000000042000000142000004171829    4                       1         
G0793003000026716    2019020120190205826800000001300105320181221000082014096100100000000013000000142000004183089    4                       1         
G0793003000026716    2019020120190205826600000004300105320190103002196000521700100000000043000000142000004191141    4                       1         
G0793003000026716    2019020120190205826300000004350105320190103001953000504600100000000043500000142000004201141    4                       1         
G0793003000026716    2019020120190205826600000004200105320190201001675000654400100000000042000000142000004211141    4                       1         
G0793003000026716    2019020120190205826100000004200105320190115000710022063300100000000042000000142000004223738    4                       1         
G0793003000026716    2019020120190205826600000004200105320190201000961000605600100000000042000000142000004231141    4                       1         
G0793003000026716    2019020120190205826300000004300105320190201000499000568500100000000043000000142000004241141    4                       1         
G0793003000026716    2019020120190205826300000004200105320190201002213000693500100000000042000000142000004251141    4                       1         
G0793003000026716    2019020120190205826300000004200105320190201001927000672700100000000042000000142000004261141    4                       1         
G0793003000026716    2019020120190205826300000004200105320190201001888000669800100000000042000000142000004271141    4                       1         
G0793003000026716    2019020120190205826300000004200105320190201001283000627900100000000042000000142000004281141    4                       1         
G0793003000026716    2019020120190205826300000004200105320190201001186000621600100000000042000000142000004291141    4                       1         
G0793003000026716    2019020120190205826300000004200105320190201000764000590100100000000042000000142000004301141    4                       1         
G0793003000026716    2019020120190205826300000004200105320190201000751000589000100000000042000000142000004311141    4                       1         
G0793003000026716    2019020120190205826300000004200105320190201000691000583900100000000042000000142000004321141    4                       1         
G0793003000026716    2019020120190205826300000004200105320190201000580000575600100000000042000000142000004331141    4                       1         
G0793003000026716    2019020120190205826600000004200105320190201000736000587900100000000042000000142000004341141    4                       1         
G0793003000026716    2019020120190205826900000004200105320190201000104000537500100000000042000000142000004351141    4                       1         
G0793003000026716    2019020120190205826600000004200105320190201000059000534100100000000042000000142000004361141    4                       1         
G0793003000026716    2019020120190205826600000004200105320190103001584000477100100000000042000000142000004371141    4                       1         
G0793003000026716    2019020120190205826500000004200105320190201000465000565600100000000042000000142000004381141    4                       1         
G0793003000026716    2019020120190205826500000004200105320190201000048000533400100000000042000000142000004391141    4                       1         
G0793003000026716    2019020120190205826400000010850105320190201000026000531800100000000108500000142000004401141    4                       1         
G0793003000026716    2019020120190205826400000010100105320190201001869000668400100000000101000000142000004411141    4                       1         
G0793003000026716    2019020120190205826400000007850105320190103000926000431200100000000078500000142000004421141    4                       1         
G0793003000026716    2019020120190205826400000005350105320190201000478000566600100000000053500000142000004431141    4                       1         
G0793003000026716    2019020120190205826400000004900105320190201001072000613100100000000049000000142000004441141    4                       1         
G0793003000026716    2019020120190205826400000004450105320190201001198000622200100000000044500000142000004451141    4                       1         
G0793003000026716    2019020120190205826700000005600105320190103000080000365000100000000056000000142000004461141    4                       1         
G0793003000026716    2019020120190205826700000004900105320190103000944000432700100000000049000000142000004471141    4                       1         
G0793003000026716    2019020120190205826700000004800105320190201000610000578200100000000048000000142000004481141    4                       1         
G0793003000026716    2019020120190205826700000004200105320190201000602000577500100000000042000000142000004491141    4                       1         
G0793003000026716    2019020120190205826800000004800105320190201001989000677200100000000048000000142000004501141    4                       1         
G0793003000026716    2019020120190205826800000004400105320190201000248000547700100000000044000000142000004511141    4                       1         
G0793003000026716    2019020120190205826800000004350105320190201001953000674600100000000043500000142000004521141    4                       1         
G0793003000026716    2019020120190205826800000004350105320190201001745000659700100000000043500000142000004531141    4                       1         
G0793003000026716    2019020120190205826000000016300105320190201001004000608300100000000163000000142000004541141    4                       1         
G0793003000026716    2019020120190205826000000007850105320190201002113000685500100000000078500000142000004551141    4                       1         
G0793003000026716    2019020120190205826100000004200105320181221000168014104500100000000042000000142000004563089    4                       1         
G0793003000026716    2019020120190205826900000004300105320190121000910014257000100000000043000000142000004573089    4                       1         
G0793003000026716    2019020120190205826900000004300105320190121000437014215700100000000043000000142000004583089    4                       1         
G0793003000026716    2019020120190205826300000004300105320190121000667014236800100000000043000000142000004593089    4                       1         
G0793003000026716    2019020120190205826000000007100105320190201002039000680700100000000071000000142000004601141    4                       1         
G0793003000026716    2019020120190205826000000006550105320190201001363000633400100000000065500000142000004611141    4                       1         
G0793003000026716    2019020120190205826000000005600105320190201002163000689600100000000056000000142000004621141    4                       1         
G0793003000026716    2019020120190205826500000004350105320190103001744000489200100000000043500000142000004631141    4                       1         
G0793003000026716    2019020120190205826500000004350105320190103001503000471700100000000043500000142000004641141    4                       1         
G0793003000026716    2019020120190205826600000004200105320190121000332014206300100000000042000000142000004653089    4                       1         
G0793003000026716    2019020120190205826400000016650105320190121000570014228100100000000166500000142000004663089    4                       1         
G0793003000026716    2019020120190205826500000004300105320190201001900000670700100000000043000000142000004671141    4                       1         
G0793003000026716    2019020120190205826400000004600105320190121000353014208300100000000046000000142000004683089    4                       1         
G0793003000026716    2019020120190205826800000004300105320190201002003000678400100000000043000000142000004691141    4                       1         
G0793003000026716    2019020120190205826800000004300105320190201000803000593300100000000043000000142000004701141    4                       1         
G0793003000026716    2019020120190205826800000004300105320190201000299000551800100000000043000000142000004711141    4                       1         
G0793003000026716    2019020120190205826800000004300105320190201000190000543400100000000043000000142000004721141    4                       1         
G0793003000026716    2019020120190205826800000004200105320190201001572000647000100000000042000000142000004731141    4                       1         
G0793003000026716    2019020120190205826800000004200105320190201000589000576400100000000042000000142000004741141    4                       1         
G0793003000026716    2019020120190205826800000004200105320190201000205000544500100000000042000000142000004751141    4                       1         
G0793003000026716    2019020120190205826700000010850105320190201001837000666400100000000108500000142000004761141    4                       1         
G0793003000026716    2019020120190205826100000006650105320190103000805000422400100000000066500000142000004771141    4                       1         
G0793003000026716    2019020120190205826100000005500105320190103001587000477400100000000055000000142000004781141    4                       1         
G0793003000026716    2019020120190205826100000004450105320190103000736000416800100000000044500000142000004791141    4                       1         
G0793003000026716    2019020120190205826100000004300105320190201000909000601300100000000043000000142000004801141    4                       1         
G0793003000026716    2019020120190205826100000004300105320190201000598000577100100000000043000000142000004811141    4                       1         
G0793003000026716    2019020120190205826400000004200105320190121000355014208400100000000042000000142000004823089    4                       1         
G0793003000026716    2019020120190205826300000011700105320190121000559014227000100000000117000000142000004833089    4                       1         
G0793003000026716    2019020120190205826600000004300105320190121000027014178900100000000043000000142000004843089    4                       1         
G0793003000026716    2019020120190205826100000004300105320190201000307000552600100000000043000000142000004851141    4                       1         
G0793003000026716    2019020120190205826900000010850105320190201001092000614900100000000108500000142000004861141    4                       1         
G0793003000026716    2019020120190205826600000010850105320190201002190000691800100000000108500000142000004871141    4                       1         
G0793003000026716    2019020120190205826300000004100105320190205005070006826000100000000041000000142000004880793    4                       1         
G0793003000026716    2019020120190205826000000004150105320190204071025035779800100000000041500000142000004891829    4                       1         
G0793003000026716    2019020120190205826400000004150105320190204070127035714000100000000041500000142000004901829    4                       1         
G0793003000026716    2019020120190205826500000003100105320190205004840006823700100000000031000000142000004910793    4                       1         
G0793003000026716    2019020120190205826900000003100105320190205005170006826700100000000031000000142000004920793    4                       1         
G0793003000026716    2019020120190205826600000003500105320190205005040006825600100000000035000000142000004930793    4                       1         
G0793003000026716    2019020120190205826300000004150105320190204070870035768700100000000041500000142000004943738    4                       1         
G0793003000026716    2019020120190205826600000003700105320190205005095006826200100000000037000000142000004950793    4                       1         
G0793003000026716    2019020120190205826900000004200105320190201000387000559100100000000042000000142000004961141    4                       1         
G0793003000026716    2019020120190205826000000004450105320190104061163002546000100000000044500000142000004973738    4                       1         
G0793003000026716    2019020120190205826900000006750105320190103001610000479200100000000067500000142000004981141    4                       1         
G0793003000026716    2019020120190205826900000006550105320190201000826000595400100000000065500000142000004991141    4                       1         
G0793003000026716    2019020120190205826900000006550105320190201000596000576900100000000065500000142000005001141    4                       1         
G0793003000026716    2019020120190205826500000004200105320190214000462010413200100000000042000000142000005011829    4                       1         
G0793003000026716    2019020120190205826900000005550105320190103002029000509700100000000055500000142000005021141    4                       1         
G0793003000026716    2019020120190205826900000005350105320190201001182000621300100000000053500000142000005031141    4                       1         
G0793003000026716    2019020120190205826100000004200105320190201002161000689500100000000042000000142000005041141    4                       1         
G0793003000026716    2019020120190205826100000004200105320190201001622000651000100000000042000000142000005051141    4                       1         
G0793003000026716    2019020120190205826100000004200105320190201000541000572300100000000042000000142000005061141    4                       1         
G0793003000026716    2019020120190205826900000004900105320190103001971000505900100000000049000000142000005071141    4                       1         
G0793003000026716    2019020120190205826900000004300105320190201001957000674900100000000043000000142000005081141    4                       1         
G0793003000026716    2019020120190205826900000004300105320190201001632000651900100000000043000000142000005091141    4                       1         
G0793003000026716    2019020120190205826900000004300105320190201001213000623500100000000043000000142000005101141    4                       1         
G0793003000026716    2019020120190205826900000004300105320190201000954000604900100000000043000000142000005111141    4                       1         
G0793003000026716    2019020120190205826800000004200105320190114001412010353600100000000042000000142000005121829    4                       1         
G0793003000026716    2019020120190205826700000003850105320181206001035095614000100000000038500000142000005134481    4                       1         
G0793003000026716    2019020120190205826600000003850105320181206000047095518300100000000038500000142000005144481    4                       1         
G0793003000026716    2019020120190205826900000004200105320190201000852000597100100000000042000000142000005151141    4                       1         
G0793003000026716    2019020120190205826800000003850105320181206001146095625100100000000038500000142000005164481    4                       1         
G0793003000026716    2019020120190205826400000004200105320190201001915000671900100000000042000000142000005171141    4                       1         
G0793003000026716    2019020120190205826400000002400105320190201001405000636100100000000024000000142000005181141    4                       1         
G0793003000026716    2019020120190205826200000026350105320190201001459000639700100000000263500000142000005191141    4                       1         
G0793003000026716    2019020120190205826200000009600105320190103001974000506200100000000096000000142000005201141    4                       1         
G0793003000026716    2019020120190205826200000008600105320190201000867000598400100000000086000000142000005211141    4                       1         
G0793003000026716    2019020120190205826900000003850105320181206000299095541900100000000038500000142000005224481    4                       1         
G0793003000026716    2019020120190205826100000008300105320190204061065002644500100000000083000000142000005233738    4                       1         
G0793003000026716    2019020120190205826100000003850105320181107000622000061700100000000038500000142000005244481    4                       1         
G0793003000026716    2019020120190205826200000003850105320181107001108000110300100000000038500000142000005254481    4                       1         
G0793003000026716    2019020120190205826500000004050105320190204070015035707200100000000040500000142000005261829    4                       1         
G0793003000026716    2019020120190205826000000003850105320181107000047000004600100000000038500000142000005274481    4                       1         
G0793003000026716    2019020120190205826200000005500105320190103000898000429100100000000055000000142000005281141    4                       1         
G0793003000026716    2019020120190205826200000004800105320190201001236000625200100000000048000000142000005291141    4                       1         
G0793003000026716    2019020120190205826600000004350105320190201001208000623000100000000043500000142000005301141    4                       1         
G0793003000026716    2019020120190205826600000004300105320190201001807000664300100000000043000000142000005311141    4                       1         
G0793003000026716    2019020120190205826600000004300105320190201000697000584400100000000043000000142000005321141    4                       1         
G0793003000026716    2019020120190205826600000004300105320190201000678000583100100000000043000000142000005331141    4                       1         
G0793003000026716    2019020120190205826200000004350105320190103001745000489300100000000043500000142000005341141    4                       1         
G0793003000026716    2019020120190205826200000003200105320190205005860006843700100000000032000000142000005353863    4                       1         
G0793003000026716    2019020120190205826600000008450105320190115000600018049900100000000084500000142000005361141    4                       1         
G0793003000026716    2019020120190205826100000007850105320190115000007018000400100000000078500000142000005371141    4                       1         
G0793003000026716    2019020120190205826300000008600105320190115000250018020800100000000086000000142000005381141    4                       1         
G0793003000026716    2019020120190205826500000004200105320190115000572018047400100000000042000000142000005391141    4                       1         
G0793003000026716    2019020120190205826300000007850105320190115000434018035400100000000078500000142000005401141    4                       1         
G0793003000026716    2019020120190205826600000004200105320190115000046018003800100000000042000000142000005411141    4                       1         
G0793003000026716    2019020120190205826100000010850105320190115000310018025700100000000108500000142000005421141    4                       1         
G0793003000026716    2019020120190205826700000004200105320190115000631018052800100000000042000000142000005431141    4                       1         
G0793003000026716    2019020120190205826800000004150105320190204000718002591300100000000041500000142000005441116    4                       1         
G0793003000026716    2019020120190205826900000004850105320190204000634002586300100000000048500000142000005451116    4                       1         
G0793003000026716    2019020120190205826000000004150105320190204000804002597600100000000041500000142000005461116    4                       1         
G0793003000026716    2019020120190205826400000004250105320190204000554002581400100000000042500000142000005471116    4                       1         
G0793003000026716    2019020120190205826400000004150105320190204000467002576100100000000041500000142000005481116    4                       1         
G0793003000026716    2019020120190205826200000010700105320190204000672002588600100000000107000000142000005491116    4                       1         
G0793003000026716    2019020120190205826200000006450105320190204000113002556400100000000064500000142000005501116    4                       1         
G0793003000026716    2019020120190205826600000004750105320190204000116002556600100000000047500000142000005511116    4                       1         
G0793003000026716    2019020120190205826300000011600105320190204000164002559500100000000116000000142000005521116    4                       1         
G0793003000026716    2019020120190205826300000004150105320190204000698002590300100000000041500000142000005531116    4                       1         
G0793003000026716    2019020120190205826900000004150105320190204000523002579300100000000041500000142000005541116    4                       1         
G0793003000026716    2019020120190205826600000004150105320190204000579002583300100000000041500000142000005551116    4                       1         
G0793003000026716    2019020120190205826500000004150105320190103000746002545200100000000041500000142000005561116    4                       1         
G0793003000026716    2019020120190205826700000005300105320190204000074002554300100000000053000000142000005571116    4                       1         
G0793003000026716    2019020120190205826700000004150105320190204000182002560500100000000041500000142000005581116    4                       1         
G0793003000026716    2019020120190205826800000015150105320190204000447002575000100000000151500000142000005591116    4                       1         
G0793003000026716    2019020120190205826600000004150105320190204000359002570800100000000041500000142000005601116    4                       1         
G0793003000026716    2019020120190205826500000009250105320190204000019002551500100000000092500000142000005611116    4                       1         
G0793003000026716    2019020120190205826000000005400105320190204000190002561100100000000054000000142000005621116    4                       1         
G0793003000026716    2019020120190205826000000004150105320190103000182002510500100000000041500000142000005631116    4                       1         
G0793003000026716    2019020120190205826400000001300105320190204070006035706500100000000013000000142000005641829    4                       1         
G0793003000026716    2019020120190205826800000004300105320190121000168014191900100000000043000000142000005653089    4                       1         
G0793003000026716    2019020120190205826800000009350105320190121000853014252600100000000093500000142000005663089    4                       1         
G0793003000026716    2019020120190205826700000007300105320190121000614014231700100000000073000000142000005673089    4                       1         
G0793003000026716    2019020120190205826700000006600105320190121000791014247500100000000066000000142000005683089    4                       1         
G0793003000026716    2019020120190205826900000001450105320190121000526014224000100000000014500000142000005693089    4                       1         
G0793003000026716    2019020120190205826900000001400105320190121000290014202500100000000014000000142000005703089    4                       1         
G0793003000026716    2019020120190205826500000009050105320190121000099014185700100000000090500000142000005713089    4                       1         
G0793003000026716    2019020120190205826000000007450105320190121000446014216600100000000074500000142000005723089    4                       1         
G0793003000026716    2019020120190205826500000004300105320190121000722014242000100000000043000000142000005733089    4                       1         
G0793003000026716    2019020120190205826200000004300105320190121000252014199200100000000043000000142000005743089    4                       1         
G0793003000026716    2019020120190205826000000004200105320190121000949014260000100000000042000000142000005753089    4                       1         
G0793003000026716    2019020120190205826000000001400105320190121000082014184200100000000014000000142000005763089    4                       1         
Z00057800000000002937250                                                                                                                              
