A2201053              HIDROFORTETOCANTINS 104CAIXA ECON. FEDERAL 2019020800154803                                                                     
G0793003000026716    2019020720190208826400000010500105300100000070760081637200000000000105000000142000000010108    3                       1         
G0793003000026716    2019020720190208826900000018850105300100000071329081691600000000000188500000142000000023924    3                       1         
G0793003000026716    2019020720190208826400000004100105300100000071016035701400000000000041000000142000000031829    3                       1         
G0793003000026716    2019020720190208826200000004400105300100000070257035647200000000000044000000142000000041829    3                       1         
G0793003000026716    2019020720190208826800000009350105320190103000821000423800100000000093500000142000000051141    3                       1         
G0793003000026716    2019020720190208826000000006950105320190201000821000594900100000000069500000142000000061141    3                       1         
G0793003000026716    2019020720190208826400000012100105320190204070860035768000100000000121000000142000000071829    3                       1         
G0793003000026716    2019020720190211826100000004350105300100000060112002566400000000000043500000142000000083738    4                       1         
G0793003000026716    2019020720190211826600000003850105300100000061173002546900000000000038500000142000000093738    4                       1         
G0793003000026716    2019020720190211826600000005000105300100000071790081734500000000000050000000142000000103939    4                       1         
G0793003000026716    2019020720190211826600000004300105300100000070207081587400000000000043000000142000000113939    4                       1         
G0793003000026716    2019020720190211826200000004100105300100000070042081584300000000000041000000142000000123939    4                       1         
G0793003000026716    2019020720190211826800000004150105300100000071856081741100000000000041500000142000000133939    4                       1         
G0793003000026716    2019020720190211826800000004150105300100000070485081611000000000000041500000142000000143939    4                       1         
G0793003000026716    2019020720190211826800000004100105300100000071924081747700000000000041000000142000000153939    4                       1         
G0793003000026716    2019020720190211826800000004100105300100000071729081728700000000000041000000142000000163939    4                       1         
G0793003000026716    2019020720190211826000000004300105300100000071122081671500000000000043000000142000000173939    4                       1         
G0793003000026716    2019020720190211826100000003750105300100000061163002652800000000000037500000142000000183738    4                       1         
G0793003000026716    2019020720190211826000000004200105300100000071743081730000000000000042000000142000000193939    4                       1         
G0793003000026716    2019020720190211826400000004850105300100000061170002653500000000000048500000142000000203738    4                       1         
G0793003000026716    2019020720190211826300000005300105300100000061159002652500000000000053000000142000000213738    4                       1         
G0793003000026716    2019020720190211826200000008450105300100000060832002623800000000000084500000142000000223738    4                       1         
G0793003000026716    2019020720190211826100000003900105300100000061010002639900000000000039000000142000000233738    4                       1         
G0793003000026716    2019020720190211826800000004350105300100000060498002594500000000000043500000142000000243738    4                       1         
G0793003000026716    2019020720190211826300000001150105300100000060682002610000000000000011500000142000000253738    4                       1         
G0793003000026716    2019020720190211826200000012850105300100000060327002579500000000000128500000142000000263738    4                       1         
G0793003000026716    2019020720190211826000000001150105300100000060393002585200000000000011500000142000000273738    4                       1         
G0793003000026716    2019020720190211826400000003800105300100000060685002610300000000000038000000142000000283738    4                       1         
G0793003000026716    2019020720190211826800000001850105300100000071814081736900000000000018500000142000000293939    4                       1         
G0793003000026716    2019020720190211826000000004100105300100000070456081435400000000000041000000142000000303939    4                       1         
G0793003000026716    2019020720190211826000000004100105300100000070222081587800000000000041000000142000000313939    4                       1         
G0793003000026716    2019020720190211826000000001300105300100000071541081711100000000000013000000142000000323939    4                       1         
G0793003000026716    2019020720190211826300000004650105300100000061339002666800000000000046500000142000000333738    4                       1         
G0793003000026716    2019020720190211826100000003900105300100000060451002590200000000000039000000142000000343738    4                       1         
G0793003000026716    2019020720190211826000000001300105300100000070981081657800000000000013000000142000000353939    4                       1         
G0793003000026716    2019020720190211826000000001300105300100000070455081608200000000000013000000142000000363939    4                       1         
G0793003000026716    2019020720190211826500000001250105300100000071859081568800000000000012500000142000000373939    4                       1         
G0793003000026716    2019020720190211826500000001250105300100000071194081678400000000000012500000142000000383939    4                       1         
G0793003000026716    2019020720190211826400000019450105300100000070635081625100000000000194500000142000000393939    4                       1         
G0793003000026716    2019020720190211826900000006450105300100000071924081575100000000000064500000142000000403939    4                       1         
G0793003000026716    2019020720190211826300000006400105300100000060214002570100000000000064000000142000000413738    4                       1         
G0793003000026716    2019020720190211826500000005400105300100000060694002611100000000000054000000142000000423738    4                       1         
G0793003000026716    2019020720190211826200000006400105300100000061080002645600000000000064000000142000000433738    4                       1         
G0793003000026716    2019020720190211826200000004850105300100000060381002584200000000000048500000142000000443738    4                       1         
G0793003000026716    2019020720190211826700000003800105300100000060084002565700000000000038000000142000000453738    4                       1         
G0793003000026716    2019020720190211826500000003800105300100000061029002641500000000000038000000142000000463738    4                       1         
G0793003000026716    2019020720190211826100000005950105300100000061010002533000000000000059500000142000000473738    4                       1         
G0793003000026716    2019020720190211826100000004950105300100000060863002626500000000000049500000142000000483738    4                       1         
G0793003000026716    2019020720190211826000000006700105300100000060690002610800000000000067000000142000000493738    4                       1         
G0793003000026716    2019020720190211826200000001150105300100000060861002626300000000000011500000142000000503738    4                       1         
G0793003000026716    2019020720190211826000000005950105300100000060256002573800000000000059500000142000000513738    4                       1         
G0793003000026716    2019020720190211826700000003850105300100000060109002566200000000000038500000142000000523738    4                       1         
G0793003000026716    2019020720190211826900000010400105300100000060995002638600000000000104000000142000000533738    4                       1         
G0793003000026716    2019020720190211826900000005350105300100000071782081733700000000000053500000142000000543939    4                       1         
G0793003000026716    2019020720190211826600000004200105300100000071317081690400000000000042000000142000000553939    4                       1         
G0793003000026716    2019020720190211826600000004100105300100000071692081552500000000000041000000142000000563939    4                       1         
G0793003000026716    2019020720190211826600000004100105300100000070606081622200000000000041000000142000000573939    4                       1         
G0793003000026716    2019020720190211826600000003550105300100000071802081735700000000000035500000142000000583939    4                       1         
G0793003000026716    2019020720190211826600000001250105300100000071792081734700000000000012500000142000000593939    4                       1         
G0793003000026716    2019020720190211826500000011400105300100000071664081722600000000000114000000142000000603939    4                       1         
G0793003000026716    2019020720190211826800000004750105300100000071925081575200000000000047500000142000000613939    4                       1         
G0793003000026716    2019020720190211826500000010250105300100000071068081666300000000000102500000142000000623939    4                       1         
G0793003000026716    2019020720190211826900000004200105300100000071467081531300000000000042000000142000000633939    4                       1         
G0793003000026716    2019020720190211826900000004200105300100000070929081653100000000000042000000142000000643939    4                       1         
G0793003000026716    2019020720190211826900000001300105300100000070824081643300000000000013000000142000000653939    4                       1         
G0793003000026716    2019020720190211826900000001300105300100000070360081599000000000000013000000142000000663939    4                       1         
G0793003000026716    2019020720190211826800000020050105300100000071650081721500000000000200500000142000000673939    4                       1         
G0793003000026716    2019020720190211826400000003750105300100000060886002628600000000000037500000142000000683738    4                       1         
G0793003000026716    2019020720190211826300000003800105300100000061052002643500000000000038000000142000000693738    4                       1         
G0793003000026716    2019020720190211826400000001150105300100000061214002657400000000000011500000142000000703738    4                       1         
G0793003000026716    2019020720190211826300000003750105300100000060436002588800000000000037500000142000000713738    4                       1         
G0793003000026716    2019020720190211826200000001150105300100000060382002584300000000000011500000142000000723738    4                       1         
G0793003000026716    2019020720190211826100000009600105300100000060448002590000000000000096000000142000000733738    4                       1         
G0793003000026716    2019020720190211826700000003750105300100000060833002623900000000000037500000142000000743738    4                       1         
G0793003000026716    2019020720190211826600000005800105300100000070712081632600000000000058000000142000000753939    4                       1         
G0793003000026716    2019020720190211826400000004200105300100000071692081725200000000000042000000142000000763939    4                       1         
G0793003000026716    2019020720190211826900000003850105300100000061173002653700000000000038500000142000000773738    4                       1         
G0793003000026716    2019020720190211826200000009050105300100000001920006726600000000000090500000142000000780793    4                       1         
G0793003000026716    2019020720190211826300000001300105300100000070962081655900000000000013000000142000000793939    4                       1         
G0793003000026716    2019020720190211826400000004200105300100000070557081617500000000000042000000142000000803939    4                       1         
G0793003000026716    2019020720190211826100000008000105300100000061249002659700000000000080000000142000000813089    4                       1         
G0793003000026716    2019020720190211826600000018850105300100000071613081718000000000000188500000142000000823939    4                       1         
G0793003000026716    2019020720190211826200000006600105300100000071786081561500000000000066000000142000000833939    4                       1         
G0793003000026716    2019020720190211826400000004200105300100000071828081738300000000000042000000142000000843939    4                       1         
G0793003000026716    2019020720190211826400000004050105300100000070374081427600000000000040500000142000000853939    4                       1         
G0793003000026716    2019020720190211826400000001300105300100000071343081693000000000000013000000142000000863939    4                       1         
G0793003000026716    2019020720190211826300000004100105300100000071831081738600000000000041000000142000000873939    4                       1         
G0793003000026716    2019020720190211826100000004100105300100000070391081602100000000000041000000142000000883939    4                       1         
G0793003000026716    2019020720190211826500000004200105300100000071482081706000000000000042000000142000000893939    4                       1         
G0793003000026716    2019020720190211826300000002850105300100000071988081753000000000000028500000142000000903939    4                       1         
G0793003000026716    2019020720190211826300000001350105300100000071814081564300000000000013500000142000000913939    4                       1         
G0793003000026716    2019020720190211826300000001300105300100000070955081655400000000000013000000142000000923939    4                       1         
G0793003000026716    2019020720190211826200000001300105300100000071148081674100000000000013000000142000000933939    4                       1         
G0793003000026716    2019020720190211826200000001300105300100000071071081666600000000000013000000142000000943939    4                       1         
G0793003000026716    2019020720190211826100000004200105300100000071855081741000000000000042000000142000000953939    4                       1         
G0793003000026716    2019020720190211826100000004100105300100000070796081467800000000000041000000142000000963939    4                       1         
G0793003000026716    2019020720190211826200000001300105300100000070823081643200000000000013000000142000000973939    4                       1         
G0793003000026716    2019020720190211826000000003950105300100000060436002482700000000000039500000142000000983738    4                       1         
G0793003000026716    2019020720190211826000000001150105300100000060795002620700000000000011500000142000000993738    4                       1         
G0793003000026716    2019020720190211826200000001250105300100000070374081600400000000000012500000142000001003939    4                       1         
G0793003000026716    2019020720190211826300000004100105300100000071786081734100000000000041000000142000001013939    4                       1         
G0793003000026716    2019020720190211826100000015200105300100000071931081575700000000000152000000142000001023939    4                       1         
G0793003000026716    2019020720190211826000000005000105300100000071426081700900000000000050000000142000001033939    4                       1         
G0793003000026716    2019020720190211826100000004300105300100000071831081566000000000000043000000142000001043939    4                       1         
G0793003000026716    2019020720190211826400000001250105300100000070705081631900000000000012500000142000001053939    4                       1         
G0793003000026716    2019020720190211826500000005200105300100000071488081706500000000000052000000142000001063939    4                       1         
G0793003000026716    2019020720190211826100000003500105300100000070928081653000000000000035000000142000001073939    4                       1         
G0793003000026716    2019020720190211826100000001500105300100000070913081651600000000000015000000142000001083939    4                       1         
G0793003000026716    2019020720190211826100000004300105300100000070796081640700000000000043000000142000001093939    4                       1         
G0793003000026716    2019020720190211826700000004100105300100000071248081683500000000000041000000142000001103939    4                       1         
G0793003000026716    2019020720190211826700000001250105300100000072001081753700000000000012500000142000001113939    4                       1         
G0793003000026716    2019020720190211826500000004250105300100000060268002574800000000000042500000142000001123738    4                       1         
G0793003000026716    2019020720190211826700000001350105300100000070252020270300000000000013500000142000001131829    4                       1         
G0793003000026716    2019020720190211826400000004150105300100000070277020272200000000000041500000142000001141829    4                       1         
G0793003000026716    2019020720190211826200000009950105300100000070263020271200000000000099500000142000001151829    4                       1         
G0793003000026716    2019020720190211826700000004050105300100000070258020270800000000000040500000142000001161829    4                       1         
G0793003000026716    2019020720190211826400000006750105300100000070567035669500000000000067500000142000001171829    4                       1         
G0793003000026716    2019020720190211826900000006200105300100000070678035677400000000000062000000142000001181829    4                       1         
G0793003000026716    2019020720190211826800000006850105300100000070339035653500000000000068500000142000001191829    4                       1         
G0793003000026716    2019020720190211826500000004800105300100000004150006747200000000000048000000142000001203863    4                       1         
G0793003000026716    2019020720190211826600000001300105300100000070523035666500000000000013000000142000001211829    4                       1         
G0793003000026716    2019020720190211826800000003350105300100000005936006774500000000000033500000142000001223863    4                       1         
G0793003000026716    2019020720190211826100000003200105300100000005875006773200000000000032000000142000001233863    4                       1         
G0793003000026716    2019020720190211826400000003200105300100000003160006738200000000000032000000142000001243863    4                       1         
G0793003000026716    2019020720190211826000000003100105300100000002180006728900000000000031000000142000001253863    4                       1         
G0793003000026716    2019020720190211826200000003200105300100000003920006744900000000000032000000142000001263863    4                       1         
G0793003000026716    2019020720190211826400000003500105300100000003850006744400000000000035000000142000001273863    4                       1         
G0793003000026716    2019020720190211826700000003200105300100000002710006733600000000000032000000142000001283863    4                       1         
G0793003000026716    2019020720190211826500000003200105300100000005618006766500000000000032000000142000001293863    4                       1         
G0793003000026716    2019020720190211826500000003200105300100000003110006737700000000000032000000142000001303863    4                       1         
G0793003000026716    2019020720190211826100000004100105300100000070025081583900000000000041000000142000001313939    4                       1         
G0793003000026716    2019020720190211826800000001250105300100000070283020272800000000000012500000142000001321829    4                       1         
G0793003000026716    2019020720190211826200000004050105300100000070107020261300000000000040500000142000001331829    4                       1         
G0793003000026716    2019020720190211826400000006600105300100000071031035702400000000000066000000142000001341829    4                       1         
G0793003000026716    2019020720190211826400000011450105300100000002495006731900000000000114500000142000001353863    4                       1         
G0793003000026716    2019020720190211826400000005450105300100000003370006740400000000000054500000142000001363863    4                       1         
G0793003000026716    2019020720190211826900000008900105300100000003010006736700000000000089000000142000001373863    4                       1         
G0793003000026716    2019020720190211826400000004850105300100000060211002569800000000000048500000142000001383738    4                       1         
G0793003000026716    2019020720190211826400000004100105300100000070793035685900000000000041000000142000001391829    4                       1         
G0793003000026716    2019020720190211826600000003200105300100000003250006739100000000000032000000142000001403863    4                       1         
G0793003000026716    2019020720190211826800000004650105300100000061322002665100000000000046500000142000001413738    4                       1         
G0793003000026716    2019020720190211826800000004200105300100000070373035655400000000000042000000142000001421829    4                       1         
G0793003000026716    2019020720190211826600000004250105300100000060263002574500000000000042500000142000001433738    4                       1         
G0793003000026716    2019020720190211826900000003750105300100000060974002636500000000000037500000142000001443738    4                       1         
G0793003000026716    2019020720190211826600000003850105300100000060109002460100000000000038500000142000001453738    4                       1         
G0793003000026716    2019020720190211826600000003900105300100000060394002585300000000000039000000142000001463738    4                       1         
G0793003000026716    2019020720190211826600000003800105300100000061197002655900000000000038000000142000001473738    4                       1         
G0793003000026716    2019020720190211826600000003800105300100000060253002573500000000000038000000142000001483738    4                       1         
G0793003000026716    2019020720190211826900000003750105300100000060960002635400000000000037500000142000001493738    4                       1         
G0793003000026716    2019020720190211826900000003750105300100000060362002582700000000000037500000142000001503738    4                       1         
G0793003000026716    2019020720190211826300000001300105300100000070534035667000000000000013000000142000001511829    4                       1         
G0793003000026716    2019020720190211826800000005800105300100000070562035669200000000000058000000142000001521829    4                       1         
G0793003000026716    2019020720190211826600000001300105300100000070719035680800000000000013000000142000001531829    4                       1         
G0793003000026716    2019020720190211826100000001650105300100000070794035686000000000000016500000142000001541829    4                       1         
G0793003000026716    2019020720190211826700000004100105302011217070886035630700100000000041000000142000001551829    4                       1         
G0793003000026716    2019020720190211826800000009100105320190104060949002527500100000000091000000142000001563738    4                       1         
G0793003000026716    2019020720190211826800000001250105320190204070523035743300100000000012500000142000001571829    4                       1         
G0793003000026716    2019020720190211826300000004050105320190204070764035761100100000000040500000142000001581829    4                       1         
G0793003000026716    2019020720190211826600000012800105320190103070916035694300100000000128000000142000001591829    4                       1         
G0793003000026716    2019020720190211826300000009000105320190204070801035763700100000000090000000142000001601829    4                       1         
G0793003000026716    2019020720190211826600000006250105320190103070733035681900100000000062500000142000001611829    4                       1         
G0793003000026716    2019020720190211826100000004150105320190204070355035730300100000000041500000142000001621829    4                       1         
G0793003000026716    2019020720190211826100000004150105320190204070150035714600100000000041500000142000001631829    4                       1         
G0793003000026716    2019020720190211826700000004100105320180103070992035704700100000000041000000142000001641829    4                       1         
G0793003000026716    2019020720190211826200000006350105320190103070639035674300100000000063500000142000001651829    4                       1         
G0793003000026716    2019020720190211826400000004150105320190204070918035772100100000000041500000142000001661829    4                       1         
G0793003000026716    2019020720190211826200000005700105320190103070801035686600100000000057000000142000001671829    4                       1         
G0793003000026716    2019020720190211826400000004150105320190204070421035735400100000000041500000142000001681829    4                       1         
G0793003000026716    2019020720190211826800000004050105320190204070166035715400100000000040500000142000001691829    4                       1         
G0793003000026716    2019020720190211826400000004150105320190204070240035721600100000000041500000142000001701829    4                       1         
G0793003000026716    2019020720190211826200000005150105320190204070348035730100100000000051500000142000001711829    4                       1         
G0793003000026716    2019020720190211826700000004300105320190103070683035677900100000000043000000142000001721829    4                       1         
G0793003000026716    2019020720190211826400000004100105320181217070886035630800100000000041000000142000001731829    4                       1         
G0793003000026716    2019020720190211826400000004050105320190204071030035780200100000000040500000142000001741829    4                       1         
G0793003000026716    2019020720190211826300000012500105320190103070599035671600100000000125000000142000001751829    4                       1         
G0793003000026716    2019020720190211826700000009150105320190204070332035729000100000000091500000142000001761829    4                       1         
G0793003000026716    2019020720190211826800000001250105320190204070167035715500100000000012500000142000001771829    4                       1         
G0793003000026716    2019020720190211826700000004600105320190103070886035692100100000000046000000142000001781829    4                       1         
G0793003000026716    2019020720190211826500000001550105320190105004400006749400100000000015500000142000001793863    4                       1         
G0793003000026716    2019020720190211826400000010500105320190205000230006781600100000000105000000142000001803863    4                       1         
G0793003000026716    2019020720190211826200000004260105320190215000159018073700100000000042600000142000001811141    4                       1         
G0793003000026716    2019020720190211826200000004260105320190215000462018098400100000000042600000142000001821141    4                       1         
G0793003000026716    2019020720190211826200000004260105320190215000242018080700100000000042600000142000001831141    4                       1         
G0793003000026716    2019020720190211826500000004352105320190215000101018069300100000000043520000142000001841141    4                       1         
G0793003000026716    2019020720190211826200000004260105320190215000132018071900100000000042600000142000001851141    4                       1         
G0793003000026716    2019020720190211826900000005150105320190205001730006795400100000000051500000142000001863863    4                       1         
G0793003000026716    2019020720190211826900000004800105320190205003000006807000100000000048000000142000001873863    4                       1         
G0793003000026716    2019020720190211826600000003250105320190105005604006765300100000000032500000142000001883863    4                       1         
G0793003000026716    2019020720190211826500000004260105320190215000531018104200100000000042600000142000001891141    4                       1         
G0793003000026716    2019020720190211826300000004200105320190115000327018027100100000000042000000142000001901141    4                       1         
G0793003000026716    2019020720190211826500000004260105320190215000135018072100100000000042600000142000001911141    4                       1         
G0793003000026716    2019020720190211826900000003100105320190205002410006801500100000000031000000142000001923863    4                       1         
G0793003000026716    2019020720190211826800000004850105320190105002330006730300100000000048500000142000001933863    4                       1         
G0793003000026716    2019020720190211826200000004200105320190115000080018006700100000000042000000142000001941141    4                       1         
G0793003000026716    2019020720190211826000000006550105320190115000723018060200100000000065500000142000001951141    4                       1         
G0793003000026716    2019020720190211826800000004345105320190215000316018086600100000000043450000142000001961141    4                       1         
G0793003000026716    2019020720190211826400000004348105320190215000008018061300100000000043480000142000001971141    4                       1         
G0793003000026716    2019020720190211826200000004260105320190215000658018115500100000000042600000142000001981141    4                       1         
G0793003000026716    2019020720190211826300000009364105320190215000585018109000100000000093640000142000001991141    4                       1         
G0793003000026716    2019020720190211826900000003100105320190105005560006762000100000000031000000142000002003863    4                       1         
G0793003000026716    2019020720190211826100000006015105320190215000256018081500100000000060150000142000002011141    4                       1         
G0793003000026716    2019020720190211826800000004900105320190205002250006799900100000000049000000142000002023863    4                       1         
G0793003000026716    2019020720190211826300000004260105320190215000111018070200100000000042600000142000002031141    4                       1         
G0793003000026716    2019020720190211826500000004260105320190215000368018090400100000000042600000142000002041141    4                       1         
G0793003000026716    2019020720190211826500000004260105320190215000167018074500100000000042600000142000002051141    4                       1         
G0793003000026716    2019020720190211826300000004200105320190115000014018001000100000000042000000142000002061141    4                       1         
G0793003000026716    2019020720190211826000000011077105320190215000156018073400100000000110770000142000002071141    4                       1         
G0793003000026716    2019020720190211826100000004200105320190115000553018045800100000000042000000142000002081141    4                       1         
G0793003000026716    2019020720190211826100000004200105320190115000495018040600100000000042000000142000002091141    4                       1         
G0793003000026716    2019020720190211826100000004260105320190215000348018089000100000000042600000142000002101141    4                       1         
G0793003000026716    2019020720190211826100000004260105320190215000283018083600100000000042600000142000002111141    4                       1         
G0793003000026716    2019020720190211826700000004260105320190215000647018114500100000000042600000142000002121141    4                       1         
G0793003000026716    2019020720190211826700000004260105320190215000567018107300100000000042600000142000002131141    4                       1         
G0793003000026716    2019020720190211826700000004260105320190215000249018081100100000000042600000142000002141141    4                       1         
G0793003000026716    2019020720190211826200000004352105320190215000038018064100100000000043520000142000002151141    4                       1         
G0793003000026716    2019020720190211826200000007100105320190115000285018023500100000000071000000142000002161141    4                       1         
G0793003000026716    2019020720190211826500000004100105320181203070639035598100100000000041000000142000002171829    4                       1         
G0793003000026716    2019020720190211826100000004100105320181217070992035628700100000000041000000142000002181829    4                       1         
G0793003000026716    2019020720190211826600000004200105320190115000824022070700100000000042000000142000002193738    4                       1         
G0793003000026716    2019020720190211826600000004260105320190215000445022112000100000000042600000142000002203738    4                       1         
G0793003000026716    2019020720190211826000000005950105320190115000132022011900100000000059500000142000002213738    4                       1         
G0793003000026716    2019020720190211826400000004200105320190115000476022042600100000000042000000142000002223738    4                       1         
G0793003000026716    2019020720190211826500000004200105320190201000303000552200100000000042000000142000002233939    4                       1         
G0793003000026716    2019020720190211826500000004260105320190215000426022110300100000000042600000142000002243738    4                       1         
G0793003000026716    2019020720190211826300000004260105320190215000476022114600100000000042600000142000002253738    4                       1         
G0793003000026716    2019020720190211826900000004150105320190103000578002534300100000000041500000142000002261116    4                       1         
G0793003000026716    2019020720190211826800000004800105320190121000758014244800100000000048000000142000002273089    4                       1         
G0793003000026716    2019020720190211826400000001300105320190121000956014260500100000000013000000142000002283089    4                       1         
G0793003000026716    2019020720190211826300000010250105320190121000357014208600100000000102500000142000002293089    4                       1         
G0793003000026716    2019020720190211826300000004260105320190215000367022105300100000000042600000142000002303738    4                       1         
G0793003000026716    2019020720190211826000000004400105320190121000122014187800100000000044000000142000002313089    4                       1         
G0793003000026716    2019020720190211826300000004400105320190121000632014233500100000000044000000142000002323089    4                       1         
G0793003000026716    2019020720190211826300000004300105320190121000144014189800100000000043000000142000002333089    4                       1         
G0793003000026716    2019020720190211826900000006400105320190204070293035726100100000000064000000142000002341829    4                       1         
G0793003000026716    2019020720190211826000000003400105320190205003850006814800100000000034000000142000002353863    4                       1         
G0793003000026716    2019020720190211826000000003300105320181205005604006693800100000000033000000142000002363863    4                       1         
G0793003000026716    2019020720190211826500000005550105320190105001090006718800100000000055500000142000002373863    4                       1         
G0793003000026716    2019020720190211826900000004150105320190204070857035767800100000000041500000142000002381829    4                       1         
G0793003000026716    2019020720190211826800000003400105320190105005599006765000100000000034000000142000002393863    4                       1         
G0793003000026716    2019020720190211826300000007000105320190205001760006795700100000000070000000142000002403863    4                       1         
G0793003000026716    2019020720190211826300000006850105320190205002560006802900100000000068500000142000002413863    4                       1         
G0793003000026716    2019020720190211826600000004150105320190204070886035769600100000000041500000142000002421829    4                       1         
G0793003000026716    2019020720190211826600000004150105320190204070159035714900100000000041500000142000002431829    4                       1         
G0793003000026716    2019020720190211826800000005950105320190204070399035733600100000000059500000142000002441829    4                       1         
G0793003000026716    2019020720190211826200000005600105320190205000450006783700100000000056000000142000002453863    4                       1         
G0793003000026716    2019020720190211826200000004850105320190105003970006745400100000000048500000142000002463863    4                       1         
G0793003000026716    2019020720190211826400000003200105320190205003250006809400100000000032000000142000002473863    4                       1         
G0793003000026716    2019020720190211826100000007500105320190105005598006764900100000000075000000142000002483863    4                       1         
G0793003000026716    2019020720190211826000000003200105320190205004170006817800100000000032000000142000002493863    4                       1         
G0793003000026716    2019020720190211826800000003200105320190205005640006838600100000000032000000142000002503863    4                       1         
G0793003000026716    2019020720190211826800000003100105320190205005604006836000100000000031000000142000002513863    4                       1         
G0793003000026716    2019020720190211826200000003450105320190205002180006799300100000000034500000142000002523863    4                       1         
G0793003000026716    2019020720190211826200000003200105320190205005765006842100100000000032000000142000002533863    4                       1         
G0793003000026716    2019020720190211826800000004700105320190205000930006787800100000000047000000142000002543863    4                       1         
G0793003000026716    2019020720190211826500000003200105320181205005560006690400100000000032000000142000002553863    4                       1         
G0793003000026716    2019020720190211826500000003100105320190205005480006829500100000000031000000142000002563863    4                       1         
G0793003000026716    2019020720190211826300000004260105320190215000522022118600100000000042600000142000002573738    4                       1         
G0793003000026716    2019020720190211826300000004822105320190215000239022093800100000000048220000142000002583738    4                       1         
G0793003000026716    2019020720190211826200000008000105320190121000594014229900100000000080000000142000002593089    4                       1         
G0793003000026716    2019020720190211826100000003100105320190205005975006847700100000000031000000142000002603863    4                       1         
G0793003000026716    2019020720190211826100000003100105320190205003880006815100100000000031000000142000002613863    4                       1         
G0793003000026716    2019020720190211826100000001650105320190205004400006819700100000000016500000142000002623863    4                       1         
G0793003000026716    2019020720190211826100000004900105320190105003480006741300100000000049000000142000002633863    4                       1         
G0793003000026716    2019020720190211826500000004300105320190121000033014179500100000000043000000142000002643089    4                       1         
G0793003000026716    2019020720190211826200000004241105320190215000097018069000100000000042410000142000002651141    4                       1         
G0793003000026716    2019020720190211826400000014400105320190115000305018025300100000000144000000142000002661141    4                       1         
G0793003000026716    2019020720190211826800000004260105320190215000163018074100100000000042600000142000002671141    4                       1         
G0793003000026716    2019020720190211826800000004260105320190215000451018097300100000000042600000142000002681141    4                       1         
G0793003000026716    2019020720190211826800000004260105320190215000233018080000100000000042600000142000002691141    4                       1         
G0793003000026716    2019020720190211826000000004260105320190215000635018113600100000000042600000142000002701141    4                       1         
G0793003000026716    2019020720190211826000000004260105320190215000623018112400100000000042600000142000002711141    4                       1         
G0793003000026716    2019020720190211826000000004260105320190215000569018107500100000000042600000142000002721141    4                       1         
G0793003000026716    2019020720190211826000000004260105320190215000444018096700100000000042600000142000002731141    4                       1         
G0793003000026716    2019020720190211826900000007850105320190115000043018003600100000000078500000142000002741141    4                       1         
G0793003000026716    2019020720190211826600000004200105320190115000412018033800100000000042000000142000002751141    4                       1         
G0793003000026716    2019020720190211826400000004260105320190215000648018114600100000000042600000142000002761141    4                       1         
G0793003000026716    2019020720190211826400000004260105320190215000709018119200100000000042600000142000002771141    4                       1         
G0793003000026716    2019020720190211826900000004800105320190115000312018025900100000000048000000142000002781141    4                       1         
G0793003000026716    2019020720190211826400000004260105320190215000220018079100100000000042600000142000002791141    4                       1         
G0793003000026716    2019020720190211826400000004260105320190215000086018067900100000000042600000142000002801141    4                       1         
G0793003000026716    2019020720190211826400000004200105320190115000639018053500100000000042000000142000002811141    4                       1         
G0793003000026716    2019020720190211826600000004200105320190115000668018056000100000000042000000142000002821141    4                       1         
G0793003000026716    2019020720190211826600000004260105320190215000486018100100100000000042600000142000002831141    4                       1         
G0793003000026716    2019020720190211826600000004200105320190115000026018002100100000000042000000142000002841141    4                       1         
G0793003000026716    2019020720190211826500000010850105320190115000083018006900100000000108500000142000002851141    4                       1         
G0793003000026716    2019020720190211826900000004260105320190215000313018086300100000000042600000142000002861141    4                       1         
G0793003000026716    2019020720190211826900000004260105320190215000274018082800100000000042600000142000002871141    4                       1         
G0793003000026716    2019020720190211826900000008350105320190103000051002502900100000000083500000142000002881116    4                       1         
G0793003000026716    2019020720190211826400000004150105320190103000713002542800100000000041500000142000002891116    4                       1         
G0793003000026716    2019020720190211826500000005300105320190204000653002587400100000000053000000142000002901116    4                       1         
G0793003000026716    2019020720190211826300000004750105320190204000532002580100100000000047500000142000002911116    4                       1         
G0793003000026716    2019020720190211826300000004250105320190204000090002555100100000000042500000142000002921116    4                       1         
G0793003000026716    2019020720190211826300000004150105320190103000393002522900100000000041500000142000002931116    4                       1         
G0793003000026716    2019020720190211826200000007800105320190204000291002567200100000000078000000142000002941116    4                       1         
G0793003000026716    2019020720190211826500000004150105320190103000756002546000100000000041500000142000002951116    4                       1         
G0793003000026716    2019020720190211826500000004150105320190103000310002518600100000000041500000142000002961116    4                       1         
G0793003000026716    2019020720190211826100000004250105320190204000531002580000100000000042500000142000002971116    4                       1         
G0793003000026716    2019020720190211826700000004250105320190204000661002587900100000000042500000142000002981116    4                       1         
G0793003000026716    2019020720190211826700000004150105320190103000025002501300100000000041500000142000002991116    4                       1         
G0793003000026716    2019020720190211826200000004150105320190204000793002596700100000000041500000142000003001116    4                       1         
G0793003000026716    2019020720190211826200000004150105320190204000522002579200100000000041500000142000003011116    4                       1         
G0793003000026716    2019020720190211826800000004150105320190204000514002578900100000000041500000142000003021116    4                       1         
G0793003000026716    2019020720190211826000000004150105320190204000594002584100100000000041500000142000003031116    4                       1         
G0793003000026716    2019020720190211826000000004150105320190103000522002530300100000000041500000142000003041116    4                       1         
G0793003000026716    2019020720190211826400000004250105320190204000528002579700100000000042500000142000003051116    4                       1         
G0793003000026716    2019020720190211826900000004150105320190204000100002555700100000000041500000142000003061116    4                       1         
G0793003000026716    2019020720190211826100000001300105320181221000956014175300100000000013000000142000003073089    4                       1         
G0793003000026716    2019020720190211826100000001300105320181221000857014167300100000000013000000142000003083089    4                       1         
G0793003000026716    2019020720190211826000000009450105320190121000469014218900100000000094500000142000003093089    4                       1         
G0793003000026716    2019020720190211826100000018050105320190121000321014205300100000000180500000142000003103089    4                       1         
G0793003000026716    2019020720190211826200000004800105320190121000493014221000100000000048000000142000003113089    4                       1         
G0793003000026716    2019020720190211826200000004400105320190121000673014237400100000000044000000142000003123089    4                       1         
G0793003000026716    2019020720190211826200000004200105320190121000917014257500100000000042000000142000003133089    4                       1         
G0793003000026716    2019020720190211826800000004200105320181121000857014079100100000000042000000142000003143089    4                       1         
G0793003000026716    2019020720190211826000000004200105320181121000956014087000100000000042000000142000003153089    4                       1         
G0793003000026716    2019020720190211826500000001400105320190121000907014256700100000000014000000142000003163089    4                       1         
G0793003000026716    2019020720190211826400000006800105320190121000407014212900100000000068000000142000003173089    4                       1         
G0793003000026716    2019020720190211826400000004800105320190121000829014250800100000000048000000142000003183089    4                       1         
G0793003000026716    2019020720190211826600000001300105320190121000857014252900100000000013000000142000003193089    4                       1         
G0793003000026716    2019020720190211826500000017700105320190121000200014194800100000000177000000142000003203089    4                       1         
G0793003000026716    2019020720190211826500000007100105320190121000059014182000100000000071000000142000003213089    4                       1         
G0793003000026716    2019020720190211826800000005950105320181221000493014135100100000000059500000142000003223089    4                       1         
G0793003000026716    2019020720190211826300000004900105320190121000569014228000100000000049000000142000003233089    4                       1         
G0793003000026716    2019020720190211826900000004850105320190205001920006797100100000000048500000142000003240793    4                       1         
G0793003000026716    2019020720190211826400000004950105320190114000682010305600100000000049500000142000003251829    4                       1         
G0793003000026716    2019020720190211826400000004300105320190214001390010475200100000000043000000142000003261829    4                       1         
G0793003000026716    2019020720190211826600000004200105320190214001229010464600100000000042000000142000003271829    4                       1         
G0793003000026716    2019020720190211826500000034700105320190214000981010450100100000000347000000142000003281829    4                       1         
G0793003000026716    2019020720190211826900000004450105320190214000696010429800100000000044500000142000003291829    4                       1         
G0793003000026716    2019020720190211826900000004200105320190114001355010377600100000000042000000142000003301829    4                       1         
G0793003000026716    2019020720190211826500000006550105320190214001336010471300100000000065500000142000003311829    4                       1         
G0793003000026716    2019020720190211826500000006100105320190214000586010421500100000000061000000142000003321829    4                       1         
G0793003000026716    2019020720190211826100000003450105320190205004940006824600100000000034500000142000003330793    4                       1         
G0793003000026716    2019020720190211826800000003450105320190205004880006823900100000000034500000142000003340793    4                       1         
G0793003000026716    2019020720190211826800000003200105320190205005360006828600100000000032000000142000003350793    4                       1         
G0793003000026716    2019020720190211826500000005950105320190214000626010424600100000000059500000142000003361829    4                       1         
G0793003000026716    2019020720190211826900000004650105320190205005590006834900100000000046500000142000003370793    4                       1         
G0793003000026716    2019020720190211826300000004200105320190115000604022054200100000000042000000142000003383738    4                       1         
G0793003000026716    2019020720190211826300000004200105320190115000003022000300100000000042000000142000003393738    4                       1         
G0793003000026716    2019020720190211826400000003850105320181206000847095595300100000000038500000142000003404481    4                       1         
G0793003000026716    2019020720190211826600000003850105320181206000543095565800100000000038500000142000003414481    4                       1         
G0793003000026716    2019020720190211826200000024050105320190103001375000463200100000000240500000142000003423939    4                       1         
G0793003000026716    2019020720190211826400000003850105320181107000904000089900100000000038500000142000003434481    4                       1         
G0793003000026716    2019020720190211826900000003850105320181206000707095581300100000000038500000142000003444481    4                       1         
G0793003000026716    2019020720190211826000000003850105320181206000536095565100100000000038500000142000003454481    4                       1         
G0793003000026716    2019020720190211826400000003850105320181107000570000056500100000000038500000142000003464481    4                       1         
G0793003000026716    2019020720190211826400000003850105320181206000702095580800100000000038500000142000003474481    4                       1         
G0793003000026716    2019020720190211826300000003850105320181206000991095609700100000000038500000142000003484481    4                       1         
G0793003000026716    2019020720190211826300000003850105320181107001129000112400100000000038500000142000003494481    4                       1         
G0793003000026716    2019020720190211826500000003850105320181107000095000009200100000000038500000142000003504481    4                       1         
G0793003000026716    2019020720190211826400000004300105320190214001429010477800100000000043000000142000003511550    4                       1         
G0793003000026716    2019020720190211826100000003850105320181206000703095580900100000000038500000142000003524481    4                       1         
G0793003000026716    2019020720190211826500000003850105320181206000570095568500100000000038500000142000003534481    4                       1         
G0793003000026716    2019020720190211826200000003850105320181206000904095601000100000000038500000142000003544481    4                       1         
G0793003000026716    2019020720190211826200000007920105320190215000285022098000100000000079200000142000003553738    4                       1         
G0793003000026716    2019020720190211826500000004260105320190215000778022139800100000000042600000142000003563738    4                       1         
G0793003000026716    2019020720190211826100000004200105320190115000030022002600100000000042000000142000003573738    4                       1         
G0793003000026716    2019020720190211826500000004260105320190215000267022096300100000000042600000142000003583738    4                       1         
G0793003000026716    2019020720190211826000000008470105320190215000050022076600100000000084700000142000003593738    4                       1         
G0793003000026716    2019020720190211826100000004260105320190215000541022120400100000000042600000142000003603738    4                       1         
G0793003000026716    2019020720190211826700000004260105320190215000751022137400100000000042600000142000003613738    4                       1         
G0793003000026716    2019020720190211826700000004260105320190215000517022118300100000000042600000142000003623738    4                       1         
G0793003000026716    2019020720190211826700000004260105320190215000218022091900100000000042600000142000003633738    4                       1         
G0793003000026716    2019020720190211826200000004353105320190215000508022117500100000000043530000142000003643738    4                       1         
G0793003000026716    2019020720190211826700000004200105320190115000183022016300100000000042000000142000003653738    4                       1         
G0793003000026716    2019020720190211826200000004260105320190215000725022135400100000000042600000142000003663738    4                       1         
G0793003000026716    2019020720190211826200000004260105320190215000665022131200100000000042600000142000003673738    4                       1         
G0793003000026716    2019020720190211826200000004260105320190215000092022080400100000000042600000142000003683738    4                       1         
G0793003000026716    2019020720190211826200000004260105320190215000057022077300100000000042600000142000003693738    4                       1         
G0793003000026716    2019020720190211826200000004234105320190215000009022073100100000000042340000142000003703738    4                       1         
G0793003000026716    2019020720190211826600000009352105320190215000055022077100100000000093520000142000003713738    4                       1         
G0793003000026716    2019020720190211826600000004260105320190215000676022131800100000000042600000142000003723738    4                       1         
G0793003000026716    2019020720190211826800000004260105320190215000507022117400100000000042600000142000003733738    4                       1         
G0793003000026716    2019020720190211826800000004260105320190215000393022107800100000000042600000142000003743738    4                       1         
G0793003000026716    2019020720190211826400000019434105320190215000546022120900100000000194340000142000003753738    4                       1         
G0793003000026716    2019020720190211826000000004200105320190115000267022024100100000000042000000142000003763738    4                       1         
G0793003000026716    2019020720190211826800000004200105320190115000687022061000100000000042000000142000003773738    4                       1         
G0793003000026716    2019020720190211826000000004200105320190115000431022038800100000000042000000142000003783738    4                       1         
G0793003000026716    2019020720190211826700000006003105320190215000430022110700100000000060030000142000003793738    4                       1         
G0793003000026716    2019020720190211826400000004853105320190215000544022120700100000000048530000142000003803738    4                       1         
G0793003000026716    2019020720190211826400000004355105320190215000034022075000100000000043550000142000003813738    4                       1         
G0793003000026716    2019020720190211826400000004260105320190215000315022100600100000000042600000142000003823738    4                       1         
G0793003000026716    2019020720190211826400000004300105320190201000597000577000100000000043000000142000003831141    4                       1         
G0793003000026716    2019020720190211826300000012850105320190103000719000415300100000000128500000142000003841141    4                       1         
G0793003000026716    2019020720190211826300000012850105320190103000495000397400100000000128500000142000003851141    4                       1         
G0793003000026716    2019020720190211826300000010750105320190103000470000395200100000000107500000142000003861141    4                       1         
G0793003000026716    2019020720190211826500000005450105320190201001372000634200100000000054500000142000003871141    4                       1         
G0793003000026716    2019020720190211826300000004400105320190201000773000590900100000000044000000142000003881141    4                       1         
G0793003000026716    2019020720190211826600000004350105320190201000293000551200100000000043500000142000003891141    4                       1         
G0793003000026716    2019020720190211826600000004350105320190103000342000384800100000000043500000142000003901141    4                       1         
G0793003000026716    2019020720190211826600000004300105320190201000586000576100100000000043000000142000003911141    4                       1         
G0793003000026716    2019020720190211826200000004200105320190103002007000508300100000000042000000142000003921141    4                       1         
G0793003000026716    2019020720190211826200000004200105320190103000774000419900100000000042000000142000003931141    4                       1         
G0793003000026716    2019020720190211826000000004300105320190103001148000447600100000000043000000142000003941141    4                       1         
G0793003000026716    2019020720190211826800000004200105320190201000796000592800100000000042000000142000003951141    4                       1         
G0793003000026716    2019020720190211826000000004200105320190103000727000528800100000000042000000142000003961141    4                       1         
G0793003000026716    2019020720190211826700000004800105320190115000241018020100100000000048000000142000003971141    4                       1         
G0793003000026716    2019020720190211826700000004350105320190201000314000553300100000000043500000142000003981141    4                       1         
G0793003000026716    2019020720190211826700000004350105320190201000163000541600100000000043500000142000003991141    4                       1         
G0793003000026716    2019020720190211826700000004350105320190103000741000417200100000000043500000142000004001141    4                       1         
G0793003000026716    2019020720190211826700000004300105320190201002115000685700100000000043000000142000004011141    4                       1         
G0793003000026716    2019020720190211826700000004300105320190201001356000632900100000000043000000142000004021141    4                       1         
G0793003000026716    2019020720190211826700000004300105320190201001259000626700100000000043000000142000004031141    4                       1         
G0793003000026716    2019020720190211826700000004300105320190201000322000553800100000000043000000142000004041141    4                       1         
G0793003000026716    2019020720190211826900000012850105320190103001882000499400100000000128500000142000004051141    4                       1         
G0793003000026716    2019020720190211826900000011050105320190103000584000405200100000000110500000142000004061141    4                       1         
G0793003000026716    2019020720190211826900000010850105320190103002028000509600100000000108500000142000004071141    4                       1         
G0793003000026716    2019020720190211826400000010300105320190103001912000501600100000000103000000142000004081141    4                       1         
G0793003000026716    2019020720190211826400000007300105320190201001798000663600100000000073000000142000004091141    4                       1         
G0793003000026716    2019020720190211826400000005550105320190103002057000511500100000000055500000142000004101141    4                       1         
G0793003000026716    2019020720190211826400000004900105320190201001300000628900100000000049000000142000004111141    4                       1         
G0793003000026716    2019020720190211826400000004400105320190103000826000424300100000000044000000142000004121141    4                       1         
G0793003000026716    2019020720190211826400000004400105320190103000536000401200100000000044000000142000004131141    4                       1         
G0793003000026716    2019020720190211826400000004350105320190201000414000561400100000000043500000142000004141141    4                       1         
G0793003000026716    2019020720190211826400000004350105320190201000342000555600100000000043500000142000004151141    4                       1         
G0793003000026716    2019020720190211826400000004350105320190103000314000382700100000000043500000142000004161141    4                       1         
G0793003000026716    2019020720190211826900000004900105320190201000892000600100100000000049000000142000004171141    4                       1         
G0793003000026716    2019020720190211826600000004200105320190201002021000679400100000000042000000142000004181141    4                       1         
G0793003000026716    2019020720190211826600000004200105320190115000500018041000100000000042000000142000004191141    4                       1         
G0793003000026716    2019020720190211826500000019650105320190103000754000418200100000000196500000142000004201141    4                       1         
G0793003000026716    2019020720190211826500000012100105320190201000719000586300100000000121000000142000004211141    4                       1         
G0793003000026716    2019020720190211826500000009550105320190201001136000618100100000000095500000142000004221141    4                       1         
G0793003000026716    2019020720190211826500000007250105320190103001660000483200100000000072500000142000004231141    4                       1         
G0793003000026716    2019020720190211826900000004350105320190201001513000643600100000000043500000142000004241141    4                       1         
G0793003000026716    2019020720190211826900000004350105320190201001148000618800100000000043500000142000004251141    4                       1         
G0793003000026716    2019020720190211826900000004350105320190103000730000416300100000000043500000142000004261141    4                       1         
G0793003000026716    2019020720190211826900000004300105320190201000752000589100100000000043000000142000004271141    4                       1         
G0793003000026716    2019020720190211826900000004300105320190201000614000578600100000000043000000142000004281141    4                       1         
G0793003000026716    2019020720190211826900000004200105320190103002202000522200100000000042000000142000004291141    4                       1         
G0793003000026716    2019020720190211826800000026050105320190103001846000496700100000000260500000142000004301141    4                       1         
G0793003000026716    2019020720190211826300000004200105320190201000524000570800100000000042000000142000004311141    4                       1         
G0793003000026716    2019020720190211826200000010300105320190103000149000370000100000000103000000142000004321141    4                       1         
G0793003000026716    2019020720190211826200000010100105320190215000734000587800100000000101000000142000004331141    4                       1         
G0793003000026716    2019020720190211826500000004400105320190103001675000484100100000000044000000142000004341141    4                       1         
G0793003000026716    2019020720190211826800000007250105320190201001453000639300100000000072500000142000004351141    4                       1         
G0793003000026716    2019020720190211826800000005950105320190201001660000653600100000000059500000142000004361141    4                       1         
G0793003000026716    2019020720190211826800000004300105320190201000706000585200100000000043000000142000004371141    4                       1         
G0793003000026716    2019020720190211826500000005550105320190114000800010315400100000000055500000142000004381829    4                       1         
G0793003000026716    2019020720190211826300000007850105320190214000091010387600100000000078500000142000004391829    4                       1         
G0793003000026716    2019020720190211826300000006100105320190214001614010489300100000000061000000142000004401829    4                       1         
G0793003000026716    2019020720190211826300000004900105320190114001431010354800100000000049000000142000004411829    4                       1         
G0793003000026716    2019020720190211826500000004400105320190214000069010386100100000000044000000142000004421829    4                       1         
G0793003000026716    2019020720190211826300000004400105320190214001325010470900100000000044000000142000004431829    4                       1         
G0793003000026716    2019020720190211826300000004350105320190114000891010321800100000000043500000142000004441829    4                       1         
G0793003000026716    2019020720190211826300000004300105320190214000209010396200100000000043000000142000004451829    4                       1         
G0793003000026716    2019020720190211826500000004300105320190214000765010435500100000000043000000142000004461829    4                       1         
G0793003000026716    2019020720190211826500000004300105320190114001454010356500100000000043000000142000004471829    4                       1         
G0793003000026716    2019020720190211826500000004300105320190114000564010296600100000000043000000142000004481829    4                       1         
G0793003000026716    2019020720190211826500000004200105320190214001348010472000100000000042000000142000004491829    4                       1         
G0793003000026716    2019020720190211826500000004200105320190214000278010401100100000000042000000142000004501829    4                       1         
G0793003000026716    2019020720190211826500000004200105320190114000702010307200100000000042000000142000004511829    4                       1         
G0793003000026716    2019020720190211826100000001300105320190204070007035706600100000000013000000142000004521829    4                       1         
G0793003000026716    2019020720190211826100000006650105320190214000821010440500100000000066500000142000004531829    4                       1         
G0793003000026716    2019020720190211826100000006550105320190214001235010465000100000000065500000142000004541829    4                       1         
G0793003000026716    2019020720190211826100000004800105320190214001282010468100100000000048000000142000004551829    4                       1         
G0793003000026716    2019020720190211826000000005950105320190214001297010469000100000000059500000142000004561829    4                       1         
G0793003000026716    2019020720190211826000000004300105320190214000592010422000100000000043000000142000004571829    4                       1         
G0793003000026716    2019020720190211826100000004350105320190114000654010303400100000000043500000142000004581829    4                       1         
G0793003000026716    2019020720190211826100000004200105320190214000112010389100100000000042000000142000004591829    4                       1         
G0793003000026716    2019020720190211826700000004200105320190214000156010392400100000000042000000142000004601829    4                       1         
G0793003000026716    2019020720190211826200000004300105320190214001671010492700100000000043000000142000004611829    4                       1         
G0793003000026716    2019020720190211826200000004200105320190214000248010398800100000000042000000142000004621829    4                       1         
G0793003000026716    2019020720190211826600000008000105320190114000288010278600100000000080000000142000004631829    4                       1         
G0793003000026716    2019020720190211826600000004300105320190214001092010456300100000000043000000142000004641829    4                       1         
G0793003000026716    2019020720190211826800000004200105320190214001512010483200100000000042000000142000004651829    4                       1         
G0793003000026716    2019020720190211826800000004200105320190214000819010440400100000000042000000142000004661829    4                       1         
G0793003000026716    2019020720190211826800000004200105320190114001769010376700100000000042000000142000004671829    4                       1         
G0793003000026716    2019020720190211826000000004200105320190214000506010415700100000000042000000142000004681829    4                       1         
G0793003000026716    2019020720190211826000000004200105320190214000224010397400100000000042000000142000004691829    4                       1         
G0793003000026716    2019020720190211826000000004200105320190214000109010388900100000000042000000142000004701829    4                       1         
G0793003000026716    2019020720190211826700000004800105320190214000937010447600100000000048000000142000004711829    4                       1         
G0793003000026716    2019020720190211826700000004300105320190114001609010366500100000000043000000142000004721829    4                       1         
G0793003000026716    2019020720190211826900000011250105320190214000880010444500100000000112500000142000004731829    4                       1         
G0793003000026716    2019020720190211826400000007850105320190114000673010304900100000000078500000142000004741829    4                       1         
G0793003000026716    2019020720190211826400000007100105320190114000280010278200100000000071000000142000004751829    4                       1         
G0793003000026716    2019020720190211826400000005950105320180114000007010377100100000000059500000142000004761829    4                       1         
G0793003000026716    2019020720190211826500000004350105320190201001620000650800100000000043500000142000004771141    4                       1         
G0793003000026716    2019020720190211826500000004350105320190103000469000395100100000000043500000142000004781141    4                       1         
G0793003000026716    2019020720190211826500000004350105320190103000308000382100100000000043500000142000004791141    4                       1         
G0793003000026716    2019020720190211826500000004300105320190103002115000515100100000000043000000142000004801141    4                       1         
G0793003000026716    2019020720190211826500000004300105320190103000662000410900100000000043000000142000004811141    4                       1         
G0793003000026716    2019020720190211826100000004200105320190201000741000588300100000000042000000142000004821141    4                       1         
G0793003000026716    2019020720190211826500000004200105320190103001620000480200100000000042000000142000004831141    4                       1         
G0793003000026716    2019020720190211826100000010950105320190201000139000540100100000000109500000142000004841141    4                       1         
G0793003000026716    2019020720190211826100000009350105320190103000776000420100100000000093500000142000004851141    4                       1         
G0793003000026716    2019020720190211826100000007100105320190103000498000397700100000000071000000142000004861141    4                       1         
G0793003000026716    2019020720190211826100000006100105320190201000870000598600100000000061000000142000004871141    4                       1         
G0793003000026716    2019020720190211826100000004900105320190103000752000418000100000000049000000142000004881141    4                       1         
G0793003000026716    2019020720190211826100000004500105320190201000727000587100100000000045000000142000004891141    4                       1         
G0793003000026716    2019020720190211826100000004400105320190201001801000663800100000000044000000142000004901141    4                       1         
G0793003000026716    2019020720190211826000000006500105320190201000498000568400100000000065000000142000004911141    4                       1         
G0793003000026716    2019020720190211826000000005350105320190103000414000390700100000000053500000142000004921141    4                       1         
G0793003000026716    2019020720190211826000000004350105320190201002007000678500100000000043500000142000004931141    4                       1         
G0793003000026716    2019020720190211826000000004300105320190201001567000646700100000000043000000142000004941141    4                       1         
G0793003000026716    2019020720190211826000000004300105320190201001425000637400100000000043000000142000004951141    4                       1         
G0793003000026716    2019020720190211826100000004350105320190201000730000587400100000000043500000142000004961141    4                       1         
G0793003000026716    2019020720190211826100000004350105320190103000613000407800100000000043500000142000004971141    4                       1         
G0793003000026716    2019020720190211826100000004300105320190201000886000599800100000000043000000142000004981141    4                       1         
G0793003000026716    2019020720190211826100000004300105320190201000273000549900100000000043000000142000004991141    4                       1         
G0793003000026716    2019020720190211826700000004200105320190201000495000568100100000000042000000142000005001141    4                       1         
G0793003000026716    2019020720190211826100000004200105320190201001504000642700100000000042000000142000005011141    4                       1         
G0793003000026716    2019020720190211826600000013600105320190103001460000468900100000000136000000142000005021141    4                       1         
G0793003000026716    2019020720190211826200000007200105320190201000147000540700100000000072000000142000005031141    4                       1         
G0793003000026716    2019020720190211826200000005950105320190201000353000556500100000000059500000142000005041141    4                       1         
G0793003000026716    2019020720190211826200000004550105320190103001853000497100100000000045500000142000005051141    4                       1         
G0793003000026716    2019020720190211826200000004450105320190103002021000509200100000000044500000142000005061141    4                       1         
G0793003000026716    2019020720190211826200000004300105320190201000265000549400100000000043000000142000005071141    4                       1         
G0793003000026716    2019020720190211826200000004300105320190103000293000380700100000000043000000142000005081141    4                       1         
G0793003000026716    2019020720190211826200000004200105320190201001853000667500100000000042000000142000005091141    4                       1         
G0793003000026716    2019020720190211826200000004200105320190201000894000600200100000000042000000142000005101141    4                       1         
G0793003000026716    2019020720190211826600000010850105320190201001460000639800100000000108500000142000005111141    4                       1         
G0793003000026716    2019020720190211826600000010850105320190201000063000534300100000000108500000142000005121141    4                       1         
G0793003000026716    2019020720190211826600000008700105320190103001136000446900100000000087000000142000005131141    4                       1         
G0793003000026716    2019020720190211826600000008600105320190201001990000677300100000000086000000142000005141141    4                       1         
G0793003000026716    2019020720190211826600000006750105320190103002097000514200100000000067500000142000005151141    4                       1         
G0793003000026716    2019020720190211826600000005450105320190103001132000446500100000000054500000142000005161141    4                       1         
G0793003000026716    2019020720190211826600000004400105320190201002047000681100100000000044000000142000005171141    4                       1         
Z00051900000000002698670                                                                                                                              
