A2201053              HIDROFORTETOCANTINS 104CAIXA ECON. FEDERAL 2019020900154903                                                                     
G0793003000026716    2019020820190211826800000006200105320190121000811014249400100000000062000000142000000013089    3                       1         
G0793003000026716    2019020820190211826500000004200105320190201000261000549000100000000042000000142000000021141    3                       1         
G0793003000026716    2019020820190212826100000004100105300100000071835081739000000000000041000000142000000033939    4                       1         
G0793003000026716    2019020820190212826700000004150105300100000071430081701300000000000041500000142000000043939    4                       1         
G0793003000026716    2019020820190212826400000006000105300100000060472002592300000000000060000000142000000053738    4                       1         
G0793003000026716    2019020820190212826700000004100105300100000070237081588100000000000041000000142000000063939    4                       1         
G0793003000026716    2019020820190212826300000003850105300100000061175002653900000000000038500000142000000073738    4                       1         
G0793003000026716    2019020820190212826400000008450105300100000061081002645700000000000084500000142000000083738    4                       1         
G0793003000026716    2019020820190212826500000001100105300100000060188002568000000000000011000000142000000093738    4                       1         
G0793003000026716    2019020820190212826700000003750105300100000061009002639800000000000037500000142000000103738    4                       1         
G0793003000026716    2019020820190212826100000001150105300100000060597002602300000000000011500000142000000113738    4                       1         
G0793003000026716    2019020820190212826900000003800105300100000060233002571700000000000038000000142000000123738    4                       1         
G0793003000026716    2019020820190212826500000003750105300100000060946002634100000000000037500000142000000133738    4                       1         
G0793003000026716    2019020820190212826400000006900105300100000061231002658400000000000069000000142000000143738    4                       1         
G0793003000026716    2019020820190212826600000007250105300100000061328002665700000000000072500000142000000153738    4                       1         
G0793003000026716    2019020820190212826900000007900105300100000061331002666000000000000079000000142000000163089    4                       1         
G0793003000026716    2019020820190212826100000004100105300100000071605081717200000000000041000000142000000173939    4                       1         
G0793003000026716    2019020820190212826100000004200105300100000070453081608000000000000042000000142000000183939    4                       1         
G0793003000026716    2019020820190212826700000001300105300100000070915081651800000000000013000000142000000193939    4                       1         
G0793003000026716    2019020820190212826700000001300105300100000070358081598800000000000013000000142000000203939    4                       1         
G0793003000026716    2019020820190212826000000006350105300100000071606081717300000000000063500000142000000213939    4                       1         
G0793003000026716    2019020820190212826000000014150105300100000060993002638400000000000141500000142000000223089    4                       1         
G0793003000026716    2019020820190212826100000004350105300100000070761081464400000000000043500000142000000231829    4                       1         
G0793003000026716    2019020820190212826400000001900105300100000070325035652600000000000019000000142000000241829    4                       1         
G0793003000026716    2019020820190212826400000004850105300100000004250006748100000000000048500000142000000253863    4                       1         
G0793003000026716    2019020820190212826200000005950105300100000070385035656400000000000059500000142000000261829    4                       1         
G0793003000026716    2019020820190212826500000010250105300100000004060006746300000000000102500000142000000273863    4                       1         
G0793003000026716    2019020820190212826600000004300105300100000070761081637300000000000043000000142000000281829    4                       1         
G0793003000026716    2019020820190212826900000004150105300100000071823081737800000000000041500000142000000293939    4                       1         
G0793003000026716    2019020820190212826900000001800105300100000071759081731500000000000018000000142000000303939    4                       1         
G0793003000026716    2019020820190212826500000001300105300100000071852081740700000000000013000000142000000313939    4                       1         
G0793003000026716    2019020820190212826200000005900105300100000070397035657200000000000059000000142000000321829    4                       1         
G0793003000026716    2019020820190212826400000005200105300100000070650081626600000000000052000000142000000333939    4                       1         
G0793003000026716    2019020820190212826800000005700105300100000070317020276000000000000057000000142000000341829    4                       1         
G0793003000026716    2019020820190212826400000004150105300100000070089020260300000000000041500000142000000351829    4                       1         
G0793003000026716    2019020820190212826900000001400105300100000070331020276600000000000014000000142000000361829    4                       1         
G0793003000026716    2019020820190212826500000004150105300100000070322020276200000000000041500000142000000371829    4                       1         
G0793003000026716    2019020820190212826200000004150105300100000070306020274900000000000041500000142000000381829    4                       1         
G0793003000026716    2019020820190212826400000004200105300100000070762081637400000000000042000000142000000393939    4                       1         
G0793003000026716    2019020820190212826600000003800105300100000060719002613500000000000038000000142000000403738    4                       1         
G0793003000026716    2019020820190212826600000003750105300100000060845002624700000000000037500000142000000413738    4                       1         
G0793003000026716    2019020820190212826800000006250105300100000071041035703200000000000062500000142000000421829    4                       1         
G0793003000026716    2019020820190212826400000006700105300100000070781035685100000000000067000000142000000431829    4                       1         
G0793003000026716    2019020820190212826400000004150105300100000071773081732800000000000041500000142000000443939    4                       1         
G0793003000026716    2019020820190212826600000005550105300100000071849081740400000000000055500000142000000453939    4                       1         
G0793003000026716    2019020820190212826500000005900105300100000060789002620100000000000059000000142000000463738    4                       1         
G0793003000026716    2019020820190212826500000005400105300100000060984002637500000000000054000000142000000473738    4                       1         
G0793003000026716    2019020820190212826500000003850105300100000060250002573200000000000038500000142000000483738    4                       1         
G0793003000026716    2019020820190212826600000003850105300100000060273002575200000000000038500000142000000493738    4                       1         
G0793003000026716    2019020820190212826300000003800105300100000060791002620300000000000038000000142000000503738    4                       1         
G0793003000026716    2019020820190212826300000003750105300100000060239002572200000000000037500000142000000513738    4                       1         
G0793003000026716    2019020820190212826300000004250105300100000060751002616600000000000042500000142000000523738    4                       1         
G0793003000026716    2019020820190212826400000003800105300100000060513002595600000000000038000000142000000533738    4                       1         
G0793003000026716    2019020820190212826400000001150105300100000060762002617700000000000011500000142000000543738    4                       1         
G0793003000026716    2019020820190212826300000005500105300100000060247002467000000000000055000000142000000553738    4                       1         
G0793003000026716    2019020820190212826300000004650105300100000061345002667400000000000046500000142000000563738    4                       1         
G0793003000026716    2019020820190212826200000003750105300100000060342002580900000000000037500000142000000573738    4                       1         
G0793003000026716    2019020820190212826000000004750105300100000071934081748600000000000047500000142000000583939    4                       1         
G0793003000026716    2019020820190212826000000004450105300100000071288081687500000000000044500000142000000593939    4                       1         
G0793003000026716    2019020820190212826600000001250105300100000071404081698900000000000012500000142000000603939    4                       1         
G0793003000026716    2019020820190212826000000003100105300100000005725006770500000000000031000000142000000613863    4                       1         
G0793003000026716    2019020820190212826500000020000105300100000070185081756900000000000200000000142000000623939    4                       1         
G0793003000026716    2019020820190212826600000004200105300100000071390081697500000000000042000000142000000633939    4                       1         
G0793003000026716    2019020820190212826600000004150105300100000071842081739700000000000041500000142000000643939    4                       1         
G0793003000026716    2019020820190212826300000004200105300100060071467032704600000000000042000000142000000653939    4                       1         
G0793003000026716    2019020820190212826100000023100105300100000070995081659200000000000231000000142000000663939    4                       1         
G0793003000026716    2019020820190212826100000012350105300100000071945081749700000000000123500000142000000673939    4                       1         
G0793003000026716    2019020820190212826000000004150105300100000071712081727100000000000041500000142000000683939    4                       1         
G0793003000026716    2019020820190212826000000004100105300100000070255081416200000000000041000000142000000693939    4                       1         
G0793003000026716    2019020820190212826000000001400105300100000071404081525600000000000014000000142000000703939    4                       1         
G0793003000026716    2019020820190212826000000001300105300100000070947081654600000000000013000000142000000713939    4                       1         
G0793003000026716    2019020820190212826100000004450105300100000070255081589000000000000044500000142000000723939    4                       1         
G0793003000026716    2019020820190212826300000004200105300100000071789081734400000000000042000000142000000733939    4                       1         
G0793003000026716    2019020820190212826300000004200105300100000070480081610500000000000042000000142000000743939    4                       1         
G0793003000026716    2019020820190212826300000004150105300100000070821081643000000000000041500000142000000753939    4                       1         
G0793003000026716    2019020820190212826000000001300105300100000070880081648500000000000013000000142000000763939    4                       1         
G0793003000026716    2019020820190212826000000001300105300100000070545081616300000000000013000000142000000773939    4                       1         
G0793003000026716    2019020820190212826800000004300105300100000071229081681600000000000043000000142000000783939    4                       1         
G0793003000026716    2019020820190212826800000004200105300100000070785081639700000000000042000000142000000793939    4                       1         
G0793003000026716    2019020820190212826800000004100105300100000070678081629400000000000041000000142000000803939    4                       1         
G0793003000026716    2019020820190212826800000001300105300100000071702081726100000000000013000000142000000813939    4                       1         
G0793003000026716    2019020820190212826800000001300105300100000070918081652100000000000013000000142000000823939    4                       1         
G0793003000026716    2019020820190212826800000001300105300100000070862081646800000000000013000000142000000833939    4                       1         
G0793003000026716    2019020820190212826800000001250105300100000071060081665500000000000012500000142000000843939    4                       1         
G0793003000026716    2019020820190212826700000017850105300100000070664081628000000000000178500000142000000853939    4                       1         
G0793003000026716    2019020820190212826700000008550105300100000071089081668400000000000085500000142000000863939    4                       1         
G0793003000026716    2019020820190212826300000004100105300100000070793081640400000000000041000000142000000873939    4                       1         
G0793003000026716    2019020820190212826300000004100105300100000070474081610000000000000041000000142000000883939    4                       1         
G0793003000026716    2019020820190212826300000001250105300100000071232081681900000000000012500000142000000893939    4                       1         
G0793003000026716    2019020820190212826200000005800105300100000071386081697100000000000058000000142000000903939    4                       1         
G0793003000026716    2019020820190212826700000006450105300100000070609081622500000000000064500000142000000913939    4                       1         
G0793003000026716    2019020820190212826400000001350105300100000070918081479300000000000013500000142000000923939    4                       1         
G0793003000026716    2019020820190212826400000001300105300100000071963081751400000000000013000000142000000933939    4                       1         
G0793003000026716    2019020820190212826400000001300105300100000070007081583100000000000013000000142000000943939    4                       1         
G0793003000026716    2019020820190212826400000001250105300100000072002081753800000000000012500000142000000953939    4                       1         
G0793003000026716    2019020820190212826200000004200105300100000071789081561800000000000042000000142000000963939    4                       1         
G0793003000026716    2019020820190212826200000004150105300100000070069081585100000000000041500000142000000973939    4                       1         
G0793003000026716    2019020820190212826200000004050105300100000070527081441600000000000040500000142000000983939    4                       1         
G0793003000026716    2019020820190212826200000001300105300100000071296081688300000000000013000000142000000993939    4                       1         
G0793003000026716    2019020820190212826200000001300105300100000070996081659300000000000013000000142000001003939    4                       1         
G0793003000026716    2019020820190212826000000004200105320190201000021000531300100000000042000000142000001011141    4                       1         
G0793003000026716    2019020820190212826400000004200105320190201000694000584200100000000042000000142000001021141    4                       1         
G0793003000026716    2019020820190212826800000004400105320190201001607000649700100000000044000000142000001031141    4                       1         
G0793003000026716    2019020820190212826100000004200105320190201000784000591900100000000042000000142000001041141    4                       1         
G0793003000026716    2019020820190212826100000004200105320190201000567000574600100000000042000000142000001051141    4                       1         
G0793003000026716    2019020820190212826100000004200105320190201000551000573100100000000042000000142000001061141    4                       1         
G0793003000026716    2019020820190212826700000005300105320190201001784000662500100000000053000000142000001071141    4                       1         
G0793003000026716    2019020820190212826700000004350105320190103001607000479000100000000043500000142000001081141    4                       1         
G0793003000026716    2019020820190212826700000004350105320190103000825000424200100000000043500000142000001091141    4                       1         
G0793003000026716    2019020820190212826700000004350105320190103000398000389200100000000043500000142000001101141    4                       1         
G0793003000026716    2019020820190212826700000004300105320190201001774000661800100000000043000000142000001111141    4                       1         
G0793003000026716    2019020820190212826700000004300105320190201001082000614100100000000043000000142000001121141    4                       1         
G0793003000026716    2019020820190212826700000004200105320190201001177000621000100000000042000000142000001131141    4                       1         
G0793003000026716    2019020820190212826700000004200105320190201000154000694500100000000042000000142000001141141    4                       1         
G0793003000026716    2019020820190212826700000004200105320190103000381000387800100000000042000000142000001151141    4                       1         
G0793003000026716    2019020820190212826900000008100105320190103000615000408000100000000081000000142000001161141    4                       1         
G0793003000026716    2019020820190212826900000006650105320190201002020000679300100000000066500000142000001171141    4                       1         
G0793003000026716    2019020820190212826900000004950105320190103000882000428100100000000049500000142000001181141    4                       1         
G0793003000026716    2019020820190212826900000004400105320190201001827000665800100000000044000000142000001191141    4                       1         
G0793003000026716    2019020820190212826900000004400105320190103002165000519100100000000044000000142000001201141    4                       1         
G0793003000026716    2019020820190212826900000004350105320190201001638000652500100000000043500000142000001211141    4                       1         
G0793003000026716    2019020820190212826900000004350105320190201000361000557100100000000043500000142000001221141    4                       1         
G0793003000026716    2019020820190212826900000004350105320190201000250000547900100000000043500000142000001231141    4                       1         
G0793003000026716    2019020820190212826900000004350105320190103001634000481500100000000043500000142000001241141    4                       1         
G0793003000026716    2019020820190212826900000004200105320190201000535000571800100000000042000000142000001251141    4                       1         
G0793003000026716    2019020820190212826800000005600105320190201001313000629900100000000056000000142000001261141    4                       1         
G0793003000026716    2019020820190212826000000005950105320190201002174000690600100000000059500000142000001271141    4                       1         
G0793003000026716    2019020820190212826400000013564105320190215000690018118000100000000135640000142000001281141    4                       1         
G0793003000026716    2019020820190212826400000011800105320190201000619000579100100000000118000000142000001291141    4                       1         
G0793003000026716    2019020820190212826400000008650105320190201000903000600800100000000086500000142000001301141    4                       1         
G0793003000026716    2019020820190212826400000005300105320190201000664000581900100000000053000000142000001311141    4                       1         
G0793003000026716    2019020820190212826400000004400105320190103000635000409300100000000044000000142000001321141    4                       1         
G0793003000026716    2019020820190212826400000004350105320190103000250000377400100000000043500000142000001331141    4                       1         
G0793003000026716    2019020820190212826400000004300105320190201000252000548100100000000043000000142000001341141    4                       1         
G0793003000026716    2019020820190212826400000004200105320190201000635000580000100000000042000000142000001351141    4                       1         
G0793003000026716    2019020820190212826100000004950105320190105001780006725300100000000049500000142000001363863    4                       1         
G0793003000026716    2019020820190212826300000003200105320190205003761006814200100000000032000000142000001373863    4                       1         
G0793003000026716    2019020820190212826100000004700105320190205002000006797600100000000047000000142000001383863    4                       1         
G0793003000026716    2019020820190212826500000004260105320190215000272018082600100000000042600000142000001391141    4                       1         
G0793003000026716    2019020820190212826800000004260105320190215000595018109900100000000042600000142000001401141    4                       1         
G0793003000026716    2019020820190212826000000004260105320190215000517018102900100000000042600000142000001411141    4                       1         
G0793003000026716    2019020820190212826200000004800105320190115000291018024100100000000048000000142000001421141    4                       1         
G0793003000026716    2019020820190212826100000004345105320190215000330018087500100000000043450000142000001431141    4                       1         
G0793003000026716    2019020820190212826100000004260105320190215000058018065400100000000042600000142000001441141    4                       1         
G0793003000026716    2019020820190212826100000004260105320190215000629018113000100000000042600000142000001451141    4                       1         
G0793003000026716    2019020820190212826100000004260105320190215000118018070900100000000042600000142000001461141    4                       1         
G0793003000026716    2019020820190212826800000004260105320190215000004018061000100000000042600000142000001471141    4                       1         
G0793003000026716    2019020820190212826800000007158105320190215000214018078700100000000071580000142000001481141    4                       1         
G0793003000026716    2019020820190212826000000007139105320190215000601018110400100000000071390000142000001491141    4                       1         
G0793003000026716    2019020820190212826700000005422105320190215000009018061400100000000054220000142000001501141    4                       1         
G0793003000026716    2019020820190212826700000004260105320190215000113018070400100000000042600000142000001511141    4                       1         
G0793003000026716    2019020820190212826700000004200105320190115000243018020300100000000042000000142000001521141    4                       1         
G0793003000026716    2019020820190212826900000004200105320190115000383018031500100000000042000000142000001531141    4                       1         
G0793003000026716    2019020820190212826300000004800105320190115000644018053900100000000048000000142000001541141    4                       1         
G0793003000026716    2019020820190212826600000004260105320190215000524018103600100000000042600000142000001551141    4                       1         
G0793003000026716    2019020820190212826400000004260105320190215000593018109700100000000042600000142000001561141    4                       1         
G0793003000026716    2019020820190212826400000004260105320190215000099018069100100000000042600000142000001571141    4                       1         
G0793003000026716    2019020820190212826600000004260105320190215000537018104800100000000042600000142000001581141    4                       1         
G0793003000026716    2019020820190212826600000004260105320190215000692018118100100000000042600000142000001591141    4                       1         
G0793003000026716    2019020820190212826600000004260105320190215000340018088200100000000042600000142000001601141    4                       1         
G0793003000026716    2019020820190212826800000004260105320190215000681018117200100000000042600000142000001611141    4                       1         
G0793003000026716    2019020820190212826800000004200105320190115000718018059700100000000042000000142000001621141    4                       1         
G0793003000026716    2019020820190212826600000004200105320190115000227018019000100000000042000000142000001631141    4                       1         
G0793003000026716    2019020820190212826200000004200105320190115000231018019400100000000042000000142000001641141    4                       1         
G0793003000026716    2019020820190212826600000004260105320190215000301018085200100000000042600000142000001651141    4                       1         
G0793003000026716    2019020820190212826600000004260105320190215000209018078300100000000042600000142000001661141    4                       1         
G0793003000026716    2019020820190212826600000004260105320190215000179018075700100000000042600000142000001671141    4                       1         
G0793003000026716    2019020820190212826600000004260105320190215000143018072500100000000042600000142000001681141    4                       1         
G0793003000026716    2019020820190212826500000004260105320190215000605018110800100000000042600000142000001691141    4                       1         
G0793003000026716    2019020820190212826400000004200105320190103001313000524700100000000042000000142000001701141    4                       1         
G0793003000026716    2019020820190212826000000005600105320190103000704000414200100000000056000000142000001711141    4                       1         
G0793003000026716    2019020820190212826000000005300105320190201000999000607900100000000053000000142000001721141    4                       1         
G0793003000026716    2019020820190212826000000005150105320190103002019000509000100000000051500000142000001731141    4                       1         
G0793003000026716    2019020820190212826600000006550105320190201001222000696800100000000065500000142000001741141    4                       1         
G0793003000026716    2019020820190212826600000004450105320190103000535000401100100000000044500000142000001751141    4                       1         
G0793003000026716    2019020820190212826600000004400105320190201000844000596700100000000044000000142000001761141    4                       1         
G0793003000026716    2019020820190212826600000004350105320190201000384000558800100000000043500000142000001771141    4                       1         
G0793003000026716    2019020820190212826600000004300105320190201001914000671800100000000043000000142000001781141    4                       1         
G0793003000026716    2019020820190212826600000004300105320190201000270000549800100000000043000000142000001791141    4                       1         
G0793003000026716    2019020820190212826000000004400105320190201002045000681000100000000044000000142000001801141    4                       1         
G0793003000026716    2019020820190212826000000004350105320190103001419000466000100000000043500000142000001811141    4                       1         
G0793003000026716    2019020820190212826500000009450105320190103000022000361000100000000094500000142000001821141    4                       1         
G0793003000026716    2019020820190212826500000008850105320190103000914000430300100000000088500000142000001831141    4                       1         
G0793003000026716    2019020820190212826500000005550105320190103000824000424100100000000055500000142000001841141    4                       1         
G0793003000026716    2019020820190212826500000004850105320190201000298000551700100000000048500000142000001851141    4                       1         
G0793003000026716    2019020820190212826500000004800105320181203000154000195400100000000048000000142000001861141    4                       1         
G0793003000026716    2019020820190212826500000004350105320190103000154000370500100000000043500000142000001871141    4                       1         
G0793003000026716    2019020820190212826500000004300105320190201001704000656500100000000043000000142000001881141    4                       1         
G0793003000026716    2019020820190212826500000004300105320190103000694000413400100000000043000000142000001891141    4                       1         
G0793003000026716    2019020820190212826600000004200105320190201001994000677700100000000042000000142000001901141    4                       1         
G0793003000026716    2019020820190212826500000004200105320190201000306000552500100000000042000000142000001911141    4                       1         
G0793003000026716    2019020820190212826500000004200105320190201000119000538800100000000042000000142000001921141    4                       1         
G0793003000026716    2019020820190212826800000004350105320190201000948000604400100000000043500000142000001931141    4                       1         
G0793003000026716    2019020820190212826800000004300105320190201001057000612200100000000043000000142000001941141    4                       1         
G0793003000026716    2019020820190212826800000004200105320190103000942000432600100000000042000000142000001951141    4                       1         
G0793003000026716    2019020820190212826700000007500105320190201000615000578700100000000075000000142000001961141    4                       1         
G0793003000026716    2019020820190212826200000010850105320190103000860000525700100000000108500000142000001971141    4                       1         
G0793003000026716    2019020820190212826200000006700105320190103002151000517900100000000067000000142000001981141    4                       1         
G0793003000026716    2019020820190212826200000004500105320190201000149000540800100000000045000000142000001991141    4                       1         
G0793003000026716    2019020820190212826200000004450105320190201000878000599200100000000044500000142000002001141    4                       1         
G0793003000026716    2019020820190212826300000008700105320190103001611000479300100000000087000000142000002011141    4                       1         
G0793003000026716    2019020820190212826300000007650105320190201001077000613600100000000076500000142000002021141    4                       1         
G0793003000026716    2019020820190212826300000005550105320190103000664000411100100000000055500000142000002031141    4                       1         
G0793003000026716    2019020820190212826300000004400105320190201000801000593100100000000044000000142000002041141    4                       1         
G0793003000026716    2019020820190212826300000004400105320190103000814000423100100000000044000000142000002051141    4                       1         
G0793003000026716    2019020820190212826300000004350105320190201001611000650000100000000043500000142000002061141    4                       1         
G0793003000026716    2019020820190212826300000004350105320190201000435000563100100000000043500000142000002071141    4                       1         
G0793003000026716    2019020820190212826300000004350105320190201000398000560000100000000043500000142000002081141    4                       1         
G0793003000026716    2019020820190212826300000004300105320190201001458000639600100000000043000000142000002091141    4                       1         
G0793003000026716    2019020820190212826300000003100105320190205005635006838300100000000031000000142000002103863    4                       1         
G0793003000026716    2019020820190212826200000006450105320190205001780006795900100000000064500000142000002113863    4                       1         
G0793003000026716    2019020820190212826400000003250105320190205004870006823800100000000032500000142000002123863    4                       1         
G0793003000026716    2019020820190212826300000013700105320190205002880006805800100000000137000000142000002133863    4                       1         
G0793003000026716    2019020820190212826300000004800105320190105003000006736600100000000048000000142000002143863    4                       1         
G0793003000026716    2019020820190212826100000006150105320190205000240006781700100000000061500000142000002153863    4                       1         
G0793003000026716    2019020820190212826000000003200105320190205001560006793900100000000032000000142000002163863    4                       1         
G0793003000026716    2019020820190212826600000004150105320190204070026035707900100000000041500000142000002171829    4                       1         
G0793003000026716    2019020820190212826500000004050105320190204070059035710300100000000040500000142000002181829    4                       1         
G0793003000026716    2019020820190212826000000006300105320180824070017020118300100000000063000000142000002191829    4                       1         
G0793003000026716    2019020820190212826300000004350105320190124070115020261900100000000043500000142000002201829    4                       1         
G0793003000026716    2019020820190212826900000004200105320190115000286022025900100000000042000000142000002213738    4                       1         
G0793003000026716    2019020820190212826900000004355105320190215000358022104400100000000043550000142000002223738    4                       1         
G0793003000026716    2019020820190212826900000004260105320190215000467022113900100000000042600000142000002233738    4                       1         
G0793003000026716    2019020820190212826400000004260105320190215000728022135600100000000042600000142000002243738    4                       1         
G0793003000026716    2019020820190212826000000005461105320190221000387014299200100000000054610000142000002253089    4                       1         
G0793003000026716    2019020820190212826200000004350105320190205005200006827000100000000043500000142000002260793    4                       1         
G0793003000026716    2019020820190212826100000003200105320190205004910006824100100000000032000000142000002270793    4                       1         
G0793003000026716    2019020820190212826100000004100105320190205005050006825800100000000041000000142000002280793    4                       1         
G0793003000026716    2019020820190212826800000003850105320181206000613095572500100000000038500000142000002294481    4                       1         
G0793003000026716    2019020820190212826400000012100105320190204061087002646200100000000121000000142000002303738    4                       1         
G0793003000026716    2019020820190212826700000003100105320190105003660006743000100000000031000000142000002310793    4                       1         
G0793003000026716    2019020820190212826700000004450105320190221000201014282300100000000044500000142000002323089    4                       1         
G0793003000026716    2019020820190212826700000004320105320190221000373014297900100000000043200000142000002333089    4                       1         
G0793003000026716    2019020820190212826700000004320105320190221000130014275900100000000043200000142000002343089    4                       1         
G0793003000026716    2019020820190212826900000011801105320190221000067014270100100000000118010000142000002353089    4                       1         
G0793003000026716    2019020820190212826900000007350105320190121000515014223100100000000073500000142000002363089    4                       1         
G0793003000026716    2019020820190212826400000004260105320190215000324022101500100000000042600000142000002373738    4                       1         
G0793003000026716    2019020820190212826900000005650105320190121000057014181800100000000056500000142000002383089    4                       1         
G0793003000026716    2019020820190212826900000004290105320190221000441014304100100000000042900000142000002393089    4                       1         
G0793003000026716    2019020820190212826900000004200105320190121000094014185300100000000042000000142000002403089    4                       1         
G0793003000026716    2019020820190212826400000004320105320190221000037014267300100000000043200000142000002413089    4                       1         
G0793003000026716    2019020820190212826900000001400105320190121000841014251700100000000014000000142000002423089    4                       1         
G0793003000026716    2019020820190212826800000004200105320190115000670022059600100000000042000000142000002433738    4                       1         
G0793003000026716    2019020820190212826200000003200105320190205005350006828500100000000032000000142000002440793    4                       1         
G0793003000026716    2019020820190212826600000008250105320190205006023006851000100000000082500000142000002450793    4                       1         
G0793003000026716    2019020820190212826800000010156105320190221000135014276400100000000101560000142000002463089    4                       1         
G0793003000026716    2019020820190212826800000007400105320190121000287014202200100000000074000000142000002473089    4                       1         
G0793003000026716    2019020820190212826800000006650105320190121000319014205100100000000066500000142000002483089    4                       1         
G0793003000026716    2019020820190212826800000006100105320190121000209014195600100000000061000000142000002493089    4                       1         
G0793003000026716    2019020820190212826500000001400105320190121000741014243500100000000014000000142000002503089    4                       1         
G0793003000026716    2019020820190212826400000004901105320190221000123014275400100000000049010000142000002513089    4                       1         
G0793003000026716    2019020820190212826400000004350105320190121000054014181500100000000043500000142000002523089    4                       1         
G0793003000026716    2019020820190212826000000005350105320190121000679014238000100000000053500000142000002533089    4                       1         
G0793003000026716    2019020820190212826600000005600105320190121000814014249700100000000056000000142000002543089    4                       1         
G0793003000026716    2019020820190212826600000004950105320190121000019014178100100000000049500000142000002553089    4                       1         
G0793003000026716    2019020820190212826600000004900105320190121000383014211000100000000049000000142000002563089    4                       1         
G0793003000026716    2019020820190212826600000004320105320190221000058014269300100000000043200000142000002573089    4                       1         
G0793003000026716    2019020820190212826600000004287105320190221000143014277200100000000042870000142000002583089    4                       1         
G0793003000026716    2019020820190212826600000007500105320190205005060006825900100000000075000000142000002590793    4                       1         
G0793003000026716    2019020820190212826700000004260105320190215000671022131500100000000042600000142000002603738    4                       1         
G0793003000026716    2019020820190212826700000004260105320190215000567022122900100000000042600000142000002613738    4                       1         
G0793003000026716    2019020820190212826100000001250105320190204070087035711900100000000012500000142000002621829    4                       1         
G0793003000026716    2019020820190212826800000005500105320190201001808000664400100000000055000000142000002631141    4                       1         
G0793003000026716    2019020820190212826400000004260105320190215000472022114300100000000042600000142000002643738    4                       1         
G0793003000026716    2019020820190212826400000004260105320190215000348022103500100000000042600000142000002653738    4                       1         
G0793003000026716    2019020820190212826700000004345105320190215000404022108600100000000043450000142000002663738    4                       1         
G0793003000026716    2019020820190212826700000004253105320190215000441022111600100000000042530000142000002673738    4                       1         
G0793003000026716    2019020820190212826400000004926105320190215000288022098300100000000049260000142000002683738    4                       1         
G0793003000026716    2019020820190212826600000003200105320190205005230006827200100000000032000000142000002690793    4                       1         
G0793003000026716    2019020820190212826500000003100105320190205003930006815400100000000031000000142000002703863    4                       1         
G0793003000026716    2019020820190212826000000004100105320181203071033035627100100000000041000000142000002711829    4                       1         
G0793003000026716    2019020820190212826600000004900105320190105002000006727100100000000049000000142000002723863    4                       1         
G0793003000026716    2019020820190212826600000003350105320190205005725006841300100000000033500000142000002733863    4                       1         
G0793003000026716    2019020820190212826600000004260105320190215000630018113100100000000042600000142000002743459    4                       1         
G0793003000026716    2019020820190212826400000001250105320190204070765035761200100000000012500000142000002751829    4                       1         
G0793003000026716    2019020820190212826700000004900105320190205001170006790400100000000049000000142000002763863    4                       1         
G0793003000026716    2019020820190212826900000003750105320190205003510006811900100000000037500000142000002773863    4                       1         
G0793003000026716    2019020820190212826900000003500105320190205005539006831000100000000035000000142000002783863    4                       1         
G0793003000026716    2019020820190212826500000007050105320190205003230006809200100000000070500000142000002793863    4                       1         
G0793003000026716    2019020820190212826700000004800105320190205005961006846800100000000048000000142000002803863    4                       1         
G0793003000026716    2019020820190212826500000004050105320190204070798035763400100000000040500000142000002811829    4                       1         
G0793003000026716    2019020820190212826600000004050105320190204070646035751700100000000040500000142000002821829    4                       1         
G0793003000026716    2019020820190212826500000007000105320190105004130006747000100000000070000000142000002833863    4                       1         
G0793003000026716    2019020820190212826800000004800105320190205003150006808400100000000048000000142000002843863    4                       1         
G0793003000026716    2019020820190212826300000004050105320190204070967035776000100000000040500000142000002851829    4                       1         
G0793003000026716    2019020820190212826300000004260105320190215000016018062000100000000042600000142000002861141    4                       1         
G0793003000026716    2019020820190212826300000004260105320190215000613018111400100000000042600000142000002871141    4                       1         
G0793003000026716    2019020820190212826200000004355105320190215000275018082900100000000043550000142000002881141    4                       1         
G0793003000026716    2019020820190212826300000004200105320190115000669018056100100000000042000000142000002891141    4                       1         
G0793003000026716    2019020820190212826800000001250105320190204070642035751500100000000012500000142000002901829    4                       1         
G0793003000026716    2019020820190212826100000005350105320190115000698018058100100000000053500000142000002911141    4                       1         
G0793003000026716    2019020820190212826100000004150105320190204000567002582300100000000041500000142000002921116    4                       1         
G0793003000026716    2019020820190212826700000005300105320190103000513002529900100000000053000000142000002931116    4                       1         
G0793003000026716    2019020820190212826900000004250105320190204000810002598200100000000042500000142000002941116    4                       1         
G0793003000026716    2019020820190212826500000008350105320190103000424002524800100000000083500000142000002951116    4                       1         
G0793003000026716    2019020820190212826200000004150105320190103000535002531400100000000041500000142000002961116    4                       1         
G0793003000026716    2019020820190212826800000004150105320190204000449002575100100000000041500000142000002971116    4                       1         
G0793003000026716    2019020820190212826200000011600105320190204000513002578800100000000116000000142000002981116    4                       1         
G0793003000026716    2019020820190212826300000009250105320190103000191002511200100000000092500000142000002991116    4                       1         
G0793003000026716    2019020820190212826200000004150105320190204000535002580300100000000041500000142000003001116    4                       1         
G0793003000026716    2019020820190212826000000004200105320190121000315014204700100000000042000000142000003013089    4                       1         
G0793003000026716    2019020820190212826000000004400105320190121000520014223500100000000044000000142000003023089    4                       1         
G0793003000026716    2019020820190212826600000004200105320190121000892014255400100000000042000000142000003033089    4                       1         
G0793003000026716    2019020820190212826500000004200105320190121000488014220500100000000042000000142000003043089    4                       1         
G0793003000026716    2019020820190212826800000003100105320190205002840006805400100000000031000000142000003053863    4                       1         
G0793003000026716    2019020820190212826500000004200105320190121000208014195500100000000042000000142000003063089    4                       1         
G0793003000026716    2019020820190212826800000004901105320190221000038014267400100000000049010000142000003073089    4                       1         
G0793003000026716    2019020820190212826800000004400105320190121000282014201800100000000044000000142000003083089    4                       1         
G0793003000026716    2019020820190212826800000004200105320190121000560014227100100000000042000000142000003093089    4                       1         
G0793003000026716    2019020820190212826800000004200105320190121000171014192200100000000042000000142000003103089    4                       1         
G0793003000026716    2019020820190212826800000001360105320190221000071014270500100000000013600000142000003113089    4                       1         
G0793003000026716    2019020820190212826700000010850105320190121000422014214300100000000108500000142000003123089    4                       1         
G0793003000026716    2019020820190212826300000001372105320190221000540014313200100000000013720000142000003133089    4                       1         
G0793003000026716    2019020820190212826200000016700105320190121000261014200000100000000167000000142000003143089    4                       1         
G0793003000026716    2019020820190212826200000004400105320190121000351014208100100000000044000000142000003153089    4                       1         
G0793003000026716    2019020820190212826300000004300105320190121000654014235600100000000043000000142000003163089    4                       1         
G0793003000026716    2019020820190212826200000004200105320190121000006014177000100000000042000000142000003173089    4                       1         
G0793003000026716    2019020820190212826100000006650105320190121000043014180500100000000066500000142000003183089    4                       1         
G0793003000026716    2019020820190212826100000006150105320190121000195014194300100000000061500000142000003193089    4                       1         
G0793003000026716    2019020820190212826200000004320105320190221000083014271700100000000043200000142000003203089    4                       1         
G0793003000026716    2019020820190212826200000004300105320190121000463014218300100000000043000000142000003213089    4                       1         
G0793003000026716    2019020820190212826000000004320105320190221000063014269700100000000043200000142000003223089    4                       1         
G0793003000026716    2019020820190212826100000004350105320190121000285014202000100000000043500000142000003233089    4                       1         
G0793003000026716    2019020820190212826000000006899105320190221000642014321800100000000068990000142000003243089    4                       1         
G0793003000026716    2019020820190212826100000004320105320190221000439014303900100000000043200000142000003253089    4                       1         
G0793003000026716    2019020820190212826100000004320105320190221000299014291100100000000043200000142000003263089    4                       1         
G0793003000026716    2019020820190212826100000004306105320190221000465014306500100000000043060000142000003273089    4                       1         
G0793003000026716    2019020820190212826700000005500105320190121000828014250700100000000055000000142000003283089    4                       1         
G0793003000026716    2019020820190212826700000005000105320190121000041014180300100000000050000000142000003293089    4                       1         
G0793003000026716    2019020820190212826700000003200105320190205000200006781200100000000032000000142000003303863    4                       1         
G0793003000026716    2019020820190212826100000003100105320190205004030006816400100000000031000000142000003313863    4                       1         
G0793003000026716    2019020820190212826000000008700105320190205004600006821700100000000087000000142000003323863    4                       1         
G0793003000026716    2019020820190212826000000004150105320190204070714035757500100000000041500000142000003331829    4                       1         
G0793003000026716    2019020820190212826600000006850105320190204070605035748800100000000068500000142000003341829    4                       1         
G0793003000026716    2019020820190212826500000004150105320190204070559035745900100000000041500000142000003351829    4                       1         
G0793003000026716    2019020820190212826200000004750105320190204070993035778000100000000047500000142000003361829    4                       1         
G0793003000026716    2019020820190212826700000004100105320190103070149035638800100000000041000000142000003371829    4                       1         
G0793003000026716    2019020820190212826700000004700105320190204070516035742800100000000047000000142000003381829    4                       1         
G0793003000026716    2019020820190212826700000004050105320190204070862035768100100000000040500000142000003391829    4                       1         
G0793003000026716    2019020820190212826700000004050105320190204070784035762600100000000040500000142000003401829    4                       1         
G0793003000026716    2019020820190212826700000001350105320190204070804035764000100000000013500000142000003411829    4                       1         
G0793003000026716    2019020820190212826700000001250105320190204070323035728400100000000012500000142000003421829    4                       1         
G0793003000026716    2019020820190212826600000009550105320190204071041035781100100000000095500000142000003431829    4                       1         
G0793003000026716    2019020820190212826500000001250105320190204070068035710900100000000012500000142000003441829    4                       1         
G0793003000026716    2019020820190212826500000009000105320190204070733035759100100000000090000000142000003451829    4                       1         
G0793003000026716    2019020820190212826700000003100105320190205005942006846000100000000031000000142000003463863    4                       1         
G0793003000026716    2019020820190212826600000004200105320190204070854035767600100000000042000000142000003471829    4                       1         
G0793003000026716    2019020820190212826600000004150105320190204070609035749200100000000041500000142000003481829    4                       1         
G0793003000026716    2019020820190212826500000005850105320190204070994035778100100000000058500000142000003491829    4                       1         
G0793003000026716    2019020820190212826500000004100105320190105004870006753500100000000041000000142000003503863    4                       1         
G0793003000026716    2019020820190212826700000004800105320190105002830006734900100000000048000000142000003513863    4                       1         
G0793003000026716    2019020820190212826700000003200105320190205005529006830400100000000032000000142000003523863    4                       1         
G0793003000026716    2019020820190212826600000003100105320190205005980006848100100000000031000000142000003533863    4                       1         
G0793003000026716    2019020820190212826100000010050105320190103070967035698300100000000100500000142000003541829    4                       1         
G0793003000026716    2019020820190212826100000006650105320190103070605035671800100000000066500000142000003551829    4                       1         
G0793003000026716    2019020820190212826800000005150105320190205003060006807500100000000051500000142000003563863    4                       1         
G0793003000026716    2019020820190212826100000004900105320190205002530006802600100000000049000000142000003573863    4                       1         
G0793003000026716    2019020820190212826900000003200105320190105005390006758500100000000032000000142000003583863    4                       1         
G0793003000026716    2019020820190212826800000007250105320190105003810006744300100000000072500000142000003593863    4                       1         
G0793003000026716    2019020820190212826900000004900105320190205001541006793700100000000049000000142000003603863    4                       1         
G0793003000026716    2019020820190212826900000004850105320190205004250006818500100000000048500000142000003613863    4                       1         
G0793003000026716    2019020820190212826100000004100105320190103071033035702500100000000041000000142000003621829    4                       1         
G0793003000026716    2019020820190212826600000001250105320190204070613035749600100000000012500000142000003631829    4                       1         
G0793003000026716    2019020820190212826900000004150105320190204070264035723800100000000041500000142000003641829    4                       1         
G0793003000026716    2019020820190212826900000006400105320190204070385035732600100000000064000000142000003651829    4                       1         
G0793003000026716    2019020820190212826100000001300105320190204070535035743900100000000013000000142000003661829    4                       1         
G0793003000026716    2019020820190212826000000006900105320190103070798035686300100000000069000000142000003671829    4                       1         
G0793003000026716    2019020820190212826000000006350105320190204071046035781500100000000063500000142000003681829    4                       1         
G0793003000026716    2019020820190212826900000004250105320190204070814035764500100000000042500000142000003691829    4                       1         
G0793003000026716    2019020820190212826400000004260105320190215000010022073200100000000042600000142000003703738    4                       1         
G0793003000026716    2019020820190212826000000004260105320190215000625022128000100000000042600000142000003713738    4                       1         
G0793003000026716    2019020820190212826800000004260105320190215000545022120800100000000042600000142000003723738    4                       1         
G0793003000026716    2019020820190212826500000004260105320190215000429022110600100000000042600000142000003733738    4                       1         
G0793003000026716    2019020820190212826600000006164105320190215000505022117200100000000061640000142000003743738    4                       1         
G0793003000026716    2019020820190212826400000004200105320190115000614022055000100000000042000000142000003753738    4                       1         
G0793003000026716    2019020820190212826800000004260105320190215000023022074200100000000042600000142000003763738    4                       1         
G0793003000026716    2019020820190212826300000004260105320190215000752022137500100000000042600000142000003773738    4                       1         
G0793003000026716    2019020820190212826500000001400105320190103070804035686900100000000014000000142000003781829    4                       1         
G0793003000026716    2019020820190212826800000007000105320190103070641035674400100000000070000000142000003791829    4                       1         
G0793003000026716    2019020820190212826200000004841105320190215000382022106700100000000048410000142000003803738    4                       1         
G0793003000026716    2019020820190212826200000009385105320190215000624022127900100000000093850000142000003813738    4                       1         
G0793003000026716    2019020820190212826200000004350105320190201002170000690200100000000043500000142000003821141    4                       1         
G0793003000026716    2019020820190212826200000004350105320190201000942000604000100000000043500000142000003831141    4                       1         
G0793003000026716    2019020820190212826200000005588105320190215000151022085600100000000055880000142000003843738    4                       1         
G0793003000026716    2019020820190212826200000004350105320190103001602000478500100000000043500000142000003851141    4                       1         
G0793003000026716    2019020820190212826300000004200105320190103000361000386300100000000042000000142000003861141    4                       1         
G0793003000026716    2019020820190212826200000004350105320190103000948000433000100000000043500000142000003871141    4                       1         
G0793003000026716    2019020820190212826000000004260105320190215000834022142900100000000042600000142000003883738    4                       1         
G0793003000026716    2019020820190212826200000004200105320190115000689022061200100000000042000000142000003893738    4                       1         
G0793003000026716    2019020820190212826200000004200105320190201000897000600500100000000042000000142000003901141    4                       1         
G0793003000026716    2019020820190212826200000004200105320190201000331000554500100000000042000000142000003911141    4                       1         
G0793003000026716    2019020820190212826200000004200105320190103000935000431900100000000042000000142000003921141    4                       1         
G0793003000026716    2019020820190212826100000012600105320190201000860000597900100000000126000000142000003931141    4                       1         
G0793003000026716    2019020820190212826100000011700105320190201000617000578900100000000117000000142000003941141    4                       1         
G0793003000026716    2019020820190212826100000008050105320190201001133000617800100000000080500000142000003951141    4                       1         
G0793003000026716    2019020820190212826100000007950105320190201000914000601700100000000079500000142000003961141    4                       1         
G0793003000026716    2019020820190212826100000006700105320190201001253000626400100000000067000000142000003971141    4                       1         
G0793003000026716    2019020820190212826200000004300105320190201000452000564500100000000043000000142000003981141    4                       1         
G0793003000026716    2019020820190212826100000005300105320190201000704000585000100000000053000000142000003991141    4                       1         
G0793003000026716    2019020820190212826000000004300105320190201001960000675100100000000043000000142000004001141    4                       1         
G0793003000026716    2019020820190212826000000004300105320190201000825000595300100000000043000000142000004011141    4                       1         
G0793003000026716    2019020820190212826000000004300105320190103000258000378200100000000043000000142000004021141    4                       1         
G0793003000026716    2019020820190212826000000004300105320181203000551000228400100000000043000000142000004031141    4                       1         
G0793003000026716    2019020820190212826000000004200105320190201002151000688700100000000042000000142000004041141    4                       1         
G0793003000026716    2019020820190212826000000004200105320190201001204000622600100000000042000000142000004051141    4                       1         
G0793003000026716    2019020820190212826000000004200105320190201000278000550100100000000042000000142000004061141    4                       1         
G0793003000026716    2019020820190212826100000004800105320190103001827000495300100000000048000000142000004071141    4                       1         
G0793003000026716    2019020820190212826100000004550105320190201000381000558600100000000045500000142000004081141    4                       1         
G0793003000026716    2019020820190212826100000004350105320190103002170000519600100000000043500000142000004091141    4                       1         
G0793003000026716    2019020820190212826100000004800105320190214001576010486700100000000048000000142000004101829    4                       1         
G0793003000026716    2019020820190212826900000012600105320190214000903010445400100000000126000000142000004111829    4                       1         
G0793003000026716    2019020820190212826700000004200105320190214000768010435800100000000042000000142000004121829    4                       1         
G0793003000026716    2019020820190212826900000008000105320190214000031010383500100000000080000000142000004131829    4                       1         
G0793003000026716    2019020820190212826900000004800105320190114000504010292500100000000048000000142000004141829    4                       1         
G0793003000026716    2019020820190212826900000004300105320190214000126010390200100000000043000000142000004151829    4                       1         
G0793003000026716    2019020820190212826900000004200105320190214000027010383200100000000042000000142000004161829    4                       1         
G0793003000026716    2019020820190212826900000004200105320190114001223010341300100000000042000000142000004171829    4                       1         
G0793003000026716    2019020820190212826800000012250105320190214000916010446300100000000122500000142000004181829    4                       1         
G0793003000026716    2019020820190212826800000006550105320190214000044010384200100000000065500000142000004191829    4                       1         
G0793003000026716    2019020820190212826400000010100105320190214001670010492600100000000101000000142000004201829    4                       1         
G0793003000026716    2019020820190212826400000006800105320190114000670010304700100000000068000000142000004211829    4                       1         
G0793003000026716    2019020820190212826400000006050105320190214001350010472100100000000060500000142000004221829    4                       1         
G0793003000026716    2019020820190212826600000008600105320190214000228010397700100000000086000000142000004231829    4                       1         
G0793003000026716    2019020820190212826000000004450105320190214001223010464100100000000044500000142000004241829    4                       1         
G0793003000026716    2019020820190212826300000004200105320181213000621010174600100000000042000000142000004251829    4                       1         
G0793003000026716    2019020820190212826600000004200105320190114000518010293600100000000042000000142000004261829    4                       1         
G0793003000026716    2019020820190212826000000004200105320190115000834022071400100000000042000000142000004273738    4                       1         
G0793003000026716    2019020820190212826500000005950105320190214000813010439900100000000059500000142000004281829    4                       1         
G0793003000026716    2019020820190212826500000004800105320190214000136010391000100000000048000000142000004291829    4                       1         
G0793003000026716    2019020820190212826500000004300105320190214001754010497800100000000043000000142000004301829    4                       1         
G0793003000026716    2019020820190212826500000004300105320190214000758010435000100000000043000000142000004311829    4                       1         
G0793003000026716    2019020820190212826600000004200105320190214001746010497400100000000042000000142000004321829    4                       1         
G0793003000026716    2019020820190212826600000004200105320190214001131010458400100000000042000000142000004331829    4                       1         
G0793003000026716    2019020820190212826500000004200105320190214000648010426300100000000042000000142000004341829    4                       1         
G0793003000026716    2019020820190212826800000004300105320190214000861010443500100000000043000000142000004351829    4                       1         
G0793003000026716    2019020820190212826800000004200105320190214001428010477700100000000042000000142000004361829    4                       1         
G0793003000026716    2019020820190212826800000004200105320190214000621010500600100000000042000000142000004371829    4                       1         
G0793003000026716    2019020820190212826800000004200105320190214000353010406100100000000042000000142000004381829    4                       1         
G0793003000026716    2019020820190212826800000004200105320190114001613010366700100000000042000000142000004391829    4                       1         
G0793003000026716    2019020820190212826800000004200105320190114000215010273500100000000042000000142000004401829    4                       1         
G0793003000026716    2019020820190212826200000006550105320190214000579010420900100000000065500000142000004411829    4                       1         
G0793003000026716    2019020820190212826700000005500105320190214000287010401600100000000055000000142000004421829    4                       1         
G0793003000026716    2019020820190212826300000012600105320190214000497010415100100000000126000000142000004431829    4                       1         
G0793003000026716    2019020820190212826300000006750105320190214000020010382800100000000067500000142000004441829    4                       1         
G0793003000026716    2019020820190212826300000006550105320190214000160010392800100000000065500000142000004451829    4                       1         
G0793003000026716    2019020820190212826300000005950105320190214001531010484200100000000059500000142000004461829    4                       1         
G0793003000026716    2019020820190212826300000004900105320190114001460010356900100000000049000000142000004471829    4                       1         
G0793003000026716    2019020820190212826300000004350105320190114000061010262100100000000043500000142000004481829    4                       1         
G0793003000026716    2019020820190212826300000004300105320190214000619010424200100000000043000000142000004491829    4                       1         
G0793003000026716    2019020820190212826300000004200105320190214001197010462300100000000042000000142000004501829    4                       1         
G0793003000026716    2019020820190212826300000004200105320190214000363010406700100000000042000000142000004511829    4                       1         
G0793003000026716    2019020820190212826300000004200105320190214000274010400900100000000042000000142000004521829    4                       1         
G0793003000026716    2019020820190212826200000004200105320190214000853010442900100000000042000000142000004531829    4                       1         
G0793003000026716    2019020820190212826200000004200105320190214000279010401200100000000042000000142000004541829    4                       1         
G0793003000026716    2019020820190212826100000006150105320190114000688010306100100000000061500000142000004551829    4                       1         
G0793003000026716    2019020820190212826200000004200105320190214001665010492200100000000042000000142000004561829    4                       1         
G0793003000026716    2019020820190212826000000004200105320190214001311010470000100000000042000000142000004571829    4                       1         
G0793003000026716    2019020820190212826000000004200105320190214001281010468000100000000042000000142000004581829    4                       1         
G0793003000026716    2019020820190212826000000004200105320190214001106010456800100000000042000000142000004591829    4                       1         
Z00046100000000002272004                                                                                                                              
