A2201053              HIDROFORTETOCANTINS 104CAIXA ECON. FEDERAL 2019021200155003                                                                     
G0793003000026716    2019021120190212826400000004150105320190103000413002524100100000000041500000142000000011394    3                       1         
G0793003000026716    2019021120190212826500000011088105320190215000621022127700100000000110880000142000000023722    3                       1         
G0793003000026716    2019021120190212826500000004200105320190214000084010387200100000000042000000142000000033314    3                       1         
G0793003000026716    2019021120190212826500000004200105320190114001243010342700100000000042000000142000000043314    3                       1         
G0793003000026716    2019021120190212826900000012700105320190205005574006833600100000000127000000142000000052928    3                       1         
G0793003000026716    2019021120190212826700000005350105320190204070250035722500100000000053500000142000000061829    3                       1         
G0793003000026716    2019021120190213826300000006650105300100000070342035653600000000000066500000142000000072525    4                       1         
G0793003000026716    2019021120190213826700000004100105300100000070266081590100000000000041000000142000000084065    4                       1         
G0793003000026716    2019021120190213826400000004100105300100000071360081694600000000000041000000142000000091829    4                       1         
G0793003000026716    2019021120190213826000000004850105300100000060858002626000000000000048500000142000000103089    4                       1         
G0793003000026716    2019021120190213826500000001150105300100000060284002576100000000000011500000142000000113738    4                       1         
G0793003000026716    2019021120190213826200000004750105300100000061250002553400000000000047500000142000000123738    4                       1         
G0793003000026716    2019021120190213826900000007750105300100000070787081639900000000000077500000142000000133939    4                       1         
G0793003000026716    2019021120190213826400000004200105300100000070520081613900000000000042000000142000000143939    4                       1         
G0793003000026716    2019021120190213826400000004100105300100000071464081704300000000000041000000142000000153939    4                       1         
G0793003000026716    2019021120190213826400000004100105300100000071303081689000000000000041000000142000000163939    4                       1         
G0793003000026716    2019021120190213826000000001300105300100000070927081652900000000000013000000142000000173939    4                       1         
G0793003000026716    2019021120190213826800000006500105300100000070881081475800000000000065000000142000000183939    4                       1         
G0793003000026716    2019021120190213826400000004100105300100000071237081682400000000000041000000142000000193939    4                       1         
G0793003000026716    2019021120190213826900000001250105300100000071889081744200000000000012500000142000000203939    4                       1         
G0793003000026716    2019021120190213826900000001250105300100000070542081616000000000000012500000142000000213939    4                       1         
G0793003000026716    2019021120190213826900000007750105300100000070854081473300000000000077500000142000000223939    4                       1         
G0793003000026716    2019021120190213826000000004200105300100000070686081630100000000000042000000142000000233939    4                       1         
G0793003000026716    2019021120190213826000000004100105300100000071182081677200000000000041000000142000000243939    4                       1         
G0793003000026716    2019021120190213826500000004500105300100000070614081623000000000000045000000142000000253939    4                       1         
G0793003000026716    2019021120190213826300000013250105300100000071451081703100000000000132500000142000000263939    4                       1         
G0793003000026716    2019021120190213826500000004100105300100000071622081545800000000000041000000142000000273939    4                       1         
G0793003000026716    2019021120190213826900000004200105300100000071191081678100000000000042000000142000000283939    4                       1         
G0793003000026716    2019021120190213826700000001300105300100000071699081725900000000000013000000142000000293939    4                       1         
G0793003000026716    2019021120190213826300000005300105300100000070312081594500000000000053000000142000000303939    4                       1         
G0793003000026716    2019021120190213826500000004100105300100000070818081642700000000000041000000142000000313939    4                       1         
G0793003000026716    2019021120190213826800000013200105300100000071704081726300000000000132000000142000000323939    4                       1         
G0793003000026716    2019021120190213826500000002500105300100000071320081690700000000000025000000142000000333939    4                       1         
G0793003000026716    2019021120190213826400000004200105300100000070621081623700000000000042000000142000000343939    4                       1         
G0793003000026716    2019021120190213826800000006450105300100000070214081414900000000000064500000142000000353939    4                       1         
G0793003000026716    2019021120190213826800000007100105300100000070691081630500000000000071000000142000000363939    4                       1         
G0793003000026716    2019021120190213826800000005300105300100000071228081681500000000000053000000142000000373939    4                       1         
G0793003000026716    2019021120190213826000000001300105300100000071272081685900000000000013000000142000000383939    4                       1         
G0793003000026716    2019021120190213826900000004200105300100000071292081687900000000000042000000142000000393939    4                       1         
G0793003000026716    2019021120190213826700000006450105300100000070734081634700000000000064500000142000000403939    4                       1         
G0793003000026716    2019021120190213826600000006450105300100000070302020274500000000000064500000142000000411829    4                       1         
G0793003000026716    2019021120190213826900000003200105300100000006006006778500000000000032000000142000000423863    4                       1         
G0793003000026716    2019021120190213826800000006500105300100000070844035689500000000000065000000142000000431829    4                       1         
G0793003000026716    2019021120190213826800000003300105300100000005632006767400000000000033000000142000000443863    4                       1         
G0793003000026716    2019021120190213826900000004200105300100000071021081661800000000000042000000142000000453939    4                       1         
G0793003000026716    2019021120190213826200000005600105300100000070596081448200000000000056000000142000000463939    4                       1         
G0793003000026716    2019021120190213826800000004800105300100000070554081617200000000000048000000142000000473939    4                       1         
G0793003000026716    2019021120190213826800000004200105300100000070599081621500000000000042000000142000000483939    4                       1         
G0793003000026716    2019021120190213826800000004200105300100000070365081599500000000000042000000142000000493939    4                       1         
G0793003000026716    2019021120190213826800000004100105300100000071915081746800000000000041000000142000000503939    4                       1         
G0793003000026716    2019021120190213826800000002850105300100000071974081752100000000000028500000142000000513939    4                       1         
G0793003000026716    2019021120190213826700000007150105300100000071708081726700000000000071500000142000000523939    4                       1         
G0793003000026716    2019021120190213826700000001350105300100000070551081616900000000000013500000142000000533939    4                       1         
G0793003000026716    2019021120190213826800000004500105300100000071546081711500000000000045000000142000000543939    4                       1         
G0793003000026716    2019021120190213826800000004200105300100000070693081630700000000000042000000142000000553939    4                       1         
G0793003000026716    2019021120190213826200000004450105300100000070624081624000000000000044500000142000000563939    4                       1         
G0793003000026716    2019021120190213826700000004200105300100000070422035659300000000000042000000142000000571829    4                       1         
G0793003000026716    2019021120190213826900000003400105300100000070032020256700000000000034000000142000000581829    4                       1         
G0793003000026716    2019021120190213826900000001300105300100000070128020262800000000000013000000142000000591829    4                       1         
G0793003000026716    2019021120190213826500000003400105300100000005988006777400000000000034000000142000000603863    4                       1         
G0793003000026716    2019021120190213826700000006200105300100000070323020276300000000000062000000142000000611829    4                       1         
G0793003000026716    2019021120190213826500000004350105300100000060831002623700000000000043500000142000000623738    4                       1         
G0793003000026716    2019021120190213826800000006950105300100000060347002581400000000000069500000142000000633738    4                       1         
G0793003000026716    2019021120190213826300000004750105300100000061255002660100000000000047500000142000000643738    4                       1         
G0793003000026716    2019021120190213826900000005400105300100000060957002635100000000000054000000142000000653738    4                       1         
G0793003000026716    2019021120190213826600000003800105300100000060205002569300000000000038000000142000000663738    4                       1         
G0793003000026716    2019021120190213826800000004450105300100000061200002656100000000000044500000142000000673738    4                       1         
G0793003000026716    2019021120190213826800000003800105300100000060266002574600000000000038000000142000000683738    4                       1         
G0793003000026716    2019021120190213826300000004250105300100000060652002607200000000000042500000142000000693738    4                       1         
G0793003000026716    2019021120190213826200000007750105300100000060733002614800000000000077500000142000000703738    4                       1         
G0793003000026716    2019021120190213826200000012750105300100000061148002651400000000000127500000142000000713738    4                       1         
G0793003000026716    2019021120190213826200000003750105300100000061111002648300000000000037500000142000000723738    4                       1         
G0793003000026716    2019021120190213826200000007150105300100000060485002593400000000000071500000142000000733738    4                       1         
G0793003000026716    2019021120190213826700000008650105300100000070200020267300000000000086500000142000000741829    4                       1         
G0793003000026716    2019021120190213826200000006600105300100000070287020273200000000000066000000142000000751829    4                       1         
G0793003000026716    2019021120190213826900000005900105300100000070376020279100000000000059000000142000000761829    4                       1         
G0793003000026716    2019021120190213826000000004750105300100000060232002571600000000000047500000142000000773738    4                       1         
G0793003000026716    2019021120190213826600000003750105300100000060374002583600000000000037500000142000000783738    4                       1         
G0793003000026716    2019021120190213826000000003750105300100000060683002610100000000000037500000142000000793738    4                       1         
G0793003000026716    2019021120190213826700000003750105300100000061138002650700000000000037500000142000000803738    4                       1         
G0793003000026716    2019021120190213826500000003800105300100000061073002645100000000000038000000142000000813738    4                       1         
G0793003000026716    2019021120190213826700000006300105300100000061086002646100000000000063000000142000000823738    4                       1         
G0793003000026716    2019021120190213826200000001150105300100000060632002498900000000000011500000142000000833738    4                       1         
G0793003000026716    2019021120190213826100000003800105300100000060720002613600000000000038000000142000000843738    4                       1         
G0793003000026716    2019021120190213826100000006050105300100000070032020230000000000000060500000142000000851829    4                       1         
G0793003000026716    2019021120190213826300000004150105300100000070378020279300000000000041500000142000000861829    4                       1         
G0793003000026716    2019021120190213826000000003750105300100000061219002657800000000000037500000142000000873738    4                       1         
G0793003000026716    2019021120190213826500000004350105300100000060794002620600000000000043500000142000000883738    4                       1         
G0793003000026716    2019021120190213826200000004800105300100000061253002553700000000000048000000142000000893738    4                       1         
G0793003000026716    2019021120190213826500000003750105300100000060235002571800000000000037500000142000000903738    4                       1         
G0793003000026716    2019021120190213826200000004600105300100000070242020269900000000000046000000142000000911829    4                       1         
G0793003000026716    2019021120190213826400000005500105300100000060335002580200000000000055000000142000000923738    4                       1         
G0793003000026716    2019021120190213826900000003800105300100000060865002626700000000000038000000142000000933738    4                       1         
G0793003000026716    2019021120190213826500000007800105300100000061200002549300000000000078000000142000000943738    4                       1         
G0793003000026716    2019021120190213826700000003800105300100000061002002639200000000000038000000142000000953738    4                       1         
G0793003000026716    2019021120190213826700000003800105300100000060297002577200000000000038000000142000000963738    4                       1         
G0793003000026716    2019021120190213826100000001100105300100000060632002605500000000000011000000142000000973738    4                       1         
G0793003000026716    2019021120190213826000000006800105300100000061015002640300000000000068000000142000000983738    4                       1         
G0793003000026716    2019021120190213826500000004050105300100000070214020268300000000000040500000142000000991829    4                       1         
G0793003000026716    2019021120190213826500000007150105300100000070113020261800000000000071500000142000001001829    4                       1         
G0793003000026716    2019021120190213826400000004150105300100000070059020258300000000000041500000142000001011829    4                       1         
G0793003000026716    2019021120190213826900000004300105300100000071289081687600000000000043000000142000001023939    4                       1         
G0793003000026716    2019021120190213826300000004200105300100000070471081609700000000000042000000142000001033939    4                       1         
G0793003000026716    2019021120190213826300000004200105300100000070214081587600000000000042000000142000001043939    4                       1         
G0793003000026716    2019021120190213826300000004150105300100000071626081719200000000000041500000142000001053939    4                       1         
G0793003000026716    2019021120190213826200000024450105300100000071548081711600000000000244500000142000001063939    4                       1         
G0793003000026716    2019021120190213826200000012000105300100000071530081710200000000000120000000142000001073939    4                       1         
G0793003000026716    2019021120190213826200000004200105300100000070456081608300000000000042000000142000001083939    4                       1         
G0793003000026716    2019021120190213826200000004150105300100000071161081675400000000000041500000142000001093939    4                       1         
G0793003000026716    2019021120190213826200000004100105300100000071395081698000000000000041000000142000001103939    4                       1         
G0793003000026716    2019021120190213826200000001350105300100000070315081594800000000000013500000142000001113939    4                       1         
G0793003000026716    2019021120190213826200000001300105300100000070832081644100000000000013000000142000001123939    4                       1         
G0793003000026716    2019021120190213826100000016200105300100000070287081592200000000000162000000142000001133939    4                       1         
G0793003000026716    2019021120190213826100000007750105300100000071512081708600000000000077500000142000001143939    4                       1         
G0793003000026716    2019021120190213826100000004200105300100000071493081707000000000000042000000142000001153939    4                       1         
G0793003000026716    2019021120190213826100000005850105300100000070135081586100000000000058500000142000001163939    4                       1         
G0793003000026716    2019021120190213826100000005200105300100000071017081661400000000000052000000142000001173939    4                       1         
G0793003000026716    2019021120190213826100000001300105300100000071739081729600000000000013000000142000001183939    4                       1         
G0793003000026716    2019021120190213826100000001300105300100000070820081642900000000000013000000142000001193939    4                       1         
G0793003000026716    2019021120190213826100000001250105300100000070427081605500000000000012500000142000001203939    4                       1         
G0793003000026716    2019021120190213826000000008550105300100000070808081641900000000000085500000142000001213939    4                       1         
G0793003000026716    2019021120190213826600000005900105300100000070627081624300000000000059000000142000001223939    4                       1         
G0793003000026716    2019021120190213826000000005900105300100000071636081720100000000000059000000142000001233939    4                       1         
G0793003000026716    2019021120190213826000000005900105300100000070227081588000000000000059000000142000001243939    4                       1         
G0793003000026716    2019021120190213826000000005350105300100000071032081662800000000000053500000142000001253939    4                       1         
G0793003000026716    2019021120190213826600000004200105300100000071472081705100000000000042000000142000001263939    4                       1         
G0793003000026716    2019021120190213826600000004100105300100000071160081675300000000000041000000142000001273939    4                       1         
G0793003000026716    2019021120190213826600000004100105300100000070768081638000000000000041000000142000001283939    4                       1         
G0793003000026716    2019021120190213826600000001300105300100000070925081652700000000000013000000142000001293939    4                       1         
G0793003000026716    2019021120190213826600000001300105300100000070825081643400000000000013000000142000001303939    4                       1         
G0793003000026716    2019021120190213826600000001250105300100000071696081725600000000000012500000142000001313939    4                       1         
G0793003000026716    2019021120190213826600000001250105300100000070361081599100000000000012500000142000001323939    4                       1         
G0793003000026716    2019021120190213826600000001250105300100000070342081597400000000000012500000142000001333939    4                       1         
G0793003000026716    2019021120190213826600000001250105300100000070270081590500000000000012500000142000001343939    4                       1         
G0793003000026716    2019021120190213826000000004200105320190103000005000525600100000000042000000142000001351141    4                       1         
G0793003000026716    2019021120190213826400000004300105320190201000850000596900100000000043000000142000001361141    4                       1         
G0793003000026716    2019021120190213826500000008800105320190201001924000672500100000000088000000142000001371141    4                       1         
G0793003000026716    2019021120190213826500000008800105320190201001006000608500100000000088000000142000001381141    4                       1         
G0793003000026716    2019021120190213826500000006350105320190201000124000539100100000000063500000142000001391141    4                       1         
G0793003000026716    2019021120190213826500000004300105320190201002186000691600100000000043000000142000001401141    4                       1         
G0793003000026716    2019021120190213826500000004300105320190201001123000617100100000000043000000142000001411141    4                       1         
G0793003000026716    2019021120190213826500000004300105320190201000326000554200100000000043000000142000001421141    4                       1         
G0793003000026716    2019021120190213826500000004300105320190201000094000536800100000000043000000142000001431141    4                       1         
G0793003000026716    2019021120190213826000000001443105320190225070298020300800100000000014430000142000001441829    4                       1         
G0793003000026716    2019021120190213826400000004200105320190214001012010452000100000000042000000142000001451829    4                       1         
G0793003000026716    2019021120190213826900000004200105320190121000347014207700100000000042000000142000001463089    4                       1         
G0793003000026716    2019021120190213826200000004399105320190221000404014300400100000000043990000142000001473089    4                       1         
G0793003000026716    2019021120190213826300000004320105320190221000417014301700100000000043200000142000001483089    4                       1         
G0793003000026716    2019021120190213826300000004320105320190221000334014294200100000000043200000142000001493089    4                       1         
G0793003000026716    2019021120190213826300000004320105320190221000269014288500100000000043200000142000001503089    4                       1         
G0793003000026716    2019021120190213826400000004200105320190214000645010426000100000000042000000142000001511829    4                       1         
G0793003000026716    2019021120190213826800000004350105320190214001285010468300100000000043500000142000001521829    4                       1         
G0793003000026716    2019021120190213826800000004300105320190214001720010495800100000000043000000142000001531829    4                       1         
G0793003000026716    2019021120190213826800000004300105320190214001701010494500100000000043000000142000001541829    4                       1         
G0793003000026716    2019021120190213826800000004200105320190214001566010485800100000000042000000142000001551829    4                       1         
G0793003000026716    2019021120190213826800000010600105320190214000945010448000100000000106000000142000001561829    4                       1         
G0793003000026716    2019021120190213826800000008650105320190214000746010434000100000000086500000142000001571829    4                       1         
G0793003000026716    2019021120190213826800000005950105320190114000556010296000100000000059500000142000001581829    4                       1         
G0793003000026716    2019021120190213826900000012750105320190114001240010342500100000000127500000142000001591829    4                       1         
G0793003000026716    2019021120190213826900000010300105320190214001287010468500100000000103000000142000001601829    4                       1         
G0793003000026716    2019021120190213826700000010900105320190214000159010392700100000000109000000142000001611829    4                       1         
G0793003000026716    2019021120190213826300000004320105320190221000128014275800100000000043200000142000001623089    4                       1         
G0793003000026716    2019021120190213826300000004320105320190221000012014264900100000000043200000142000001633089    4                       1         
G0793003000026716    2019021120190213826200000004350105320190121000771014245900100000000043500000142000001643089    4                       1         
G0793003000026716    2019021120190213826200000004320105320190221000229014284700100000000043200000142000001653089    4                       1         
G0793003000026716    2019021120190213826200000004300105320190121000485014220300100000000043000000142000001663089    4                       1         
G0793003000026716    2019021120190213826200000004300105320190121000311014204300100000000043000000142000001673089    4                       1         
G0793003000026716    2019021120190213826300000001500105320190121000739014243300100000000015000000142000001683089    4                       1         
G0793003000026716    2019021120190213826200000001400105320190121000854014252700100000000014000000142000001693089    4                       1         
G0793003000026716    2019021120190213826100000010000105320190209000039014263500100000000100000000142000001703089    4                       1         
G0793003000026716    2019021120190213826100000008250105320190121000449014216900100000000082500000142000001713089    4                       1         
G0793003000026716    2019021120190213826100000004331105320190221000248014286400100000000043310000142000001723089    4                       1         
G0793003000026716    2019021120190213826100000004320105320190221000502014309700100000000043200000142000001733089    4                       1         
G0793003000026716    2019021120190213826100000001566105320190221000305014291600100000000015660000142000001743089    4                       1         
G0793003000026716    2019021120190213826100000006700105320190121000714014241300100000000067000000142000001753089    4                       1         
G0793003000026716    2019021120190213826100000006066105320190221000007014264500100000000060660000142000001763089    4                       1         
G0793003000026716    2019021120190213826100000004400105320190121000064014182500100000000044000000142000001773089    4                       1         
G0793003000026716    2019021120190213826000000004400105320190121000271014200900100000000044000000142000001783089    4                       1         
G0793003000026716    2019021120190213826100000001400105320190121000725014242300100000000014000000142000001793089    4                       1         
G0793003000026716    2019021120190213826000000010913105320190221000103014273500100000000109130000142000001803089    4                       1         
G0793003000026716    2019021120190213826600000006100105320190121000882014254800100000000061000000142000001813089    4                       1         
G0793003000026716    2019021120190213826600000004900105320190121000242014198400100000000049000000142000001823089    4                       1         
G0793003000026716    2019021120190213826600000004400105320190121000742014243600100000000044000000142000001833089    4                       1         
G0793003000026716    2019021120190213826600000004400105320190121000415014213700100000000044000000142000001843089    4                       1         
G0793003000026716    2019021120190213826600000004324105320190221000561014314800100000000043240000142000001853089    4                       1         
G0793003000026716    2019021120190213826600000004300105320190121000774014246100100000000043000000142000001863089    4                       1         
G0793003000026716    2019021120190213826700000008800105320190114001114010334200100000000088000000142000001871829    4                       1         
G0793003000026716    2019021120190213826700000007850105320190214000814010440000100000000078500000142000001881829    4                       1         
G0793003000026716    2019021120190213826700000005950105320190214000499010415300100000000059500000142000001891829    4                       1         
G0793003000026716    2019021120190213826700000004800105320190214000732010432800100000000048000000142000001901829    4                       1         
G0793003000026716    2019021120190213826700000004350105320190214001101010456600100000000043500000142000001911829    4                       1         
G0793003000026716    2019021120190213826700000006400105320190214000408010409400100000000064000000142000001921829    4                       1         
G0793003000026716    2019021120190213826600000010850105320190214000676010428400100000000108500000142000001931829    4                       1         
G0793003000026716    2019021120190213826200000007350105320190214001737010496700100000000073500000142000001941829    4                       1         
G0793003000026716    2019021120190213826200000006700105320190214000574010420600100000000067000000142000001951829    4                       1         
G0793003000026716    2019021120190213826200000006150105320190114001677010370600100000000061500000142000001961829    4                       1         
G0793003000026716    2019021120190213826200000005850105320190214000227010397600100000000058500000142000001971829    4                       1         
G0793003000026716    2019021120190213826200000004900105320190214000959010448900100000000049000000142000001981829    4                       1         
G0793003000026716    2019021120190213826900000006700105320190114001366010350500100000000067000000142000001991829    4                       1         
G0793003000026716    2019021120190213826900000006550105320190214001035010453400100000000065500000142000002001829    4                       1         
G0793003000026716    2019021120190213826200000004450105320190214000095010388000100000000044500000142000002011829    4                       1         
G0793003000026716    2019021120190213826900000006100105320190114001508010360200100000000061000000142000002021829    4                       1         
G0793003000026716    2019021120190213826900000004350105320190114000177010270800100000000043500000142000002031829    4                       1         
G0793003000026716    2019021120190213826900000004300105320190214000782010437200100000000043000000142000002041829    4                       1         
G0793003000026716    2019021120190213826000000004894105320190221000140014276900100000000048940000142000002053089    4                       1         
G0793003000026716    2019021120190213826000000004864105320190221000207014282800100000000048640000142000002063089    4                       1         
G0793003000026716    2019021120190213826000000004320105320190221000751014330800100000000043200000142000002073089    4                       1         
G0793003000026716    2019021120190213826000000004320105320190221000274014288800100000000043200000142000002083089    4                       1         
G0793003000026716    2019021120190213826600000004300105320190121000650014235200100000000043000000142000002093089    4                       1         
G0793003000026716    2019021120190213826600000004200105320190121000484014220200100000000042000000142000002103089    4                       1         
G0793003000026716    2019021120190213826000000004300105320190121000040014180200100000000043000000142000002113089    4                       1         
G0793003000026716    2019021120190213826000000004200105320190121000133014188700100000000042000000142000002123089    4                       1         
G0793003000026716    2019021120190213826900000004200105320190214001026010452900100000000042000000142000002131829    4                       1         
G0793003000026716    2019021120190213826200000001400105320190201001945000673800100000000014000000142000002141141    4                       1         
G0793003000026716    2019021120190213826100000008000105320190201001921000672300100000000080000000142000002151141    4                       1         
G0793003000026716    2019021120190213826100000004300105320190201000382000558700100000000043000000142000002161141    4                       1         
G0793003000026716    2019021120190213826900000004200105320190214000319010403800100000000042000000142000002171829    4                       1         
G0793003000026716    2019021120190213826100000004300105320190201000375000558200100000000043000000142000002181141    4                       1         
G0793003000026716    2019021120190213826100000004200105320190201000923000602400100000000042000000142000002191141    4                       1         
G0793003000026716    2019021120190213826100000006650105320190201001731000658500100000000066500000142000002201141    4                       1         
G0793003000026716    2019021120190213826100000005550105320190103001805000493600100000000055500000142000002211141    4                       1         
G0793003000026716    2019021120190213826100000005300105320190201000593000576700100000000053000000142000002221141    4                       1         
G0793003000026716    2019021120190213826000000018650105320190201002044000680900100000000186500000142000002231141    4                       1         
G0793003000026716    2019021120190213826600000006300105320190103000747000417700100000000063000000142000002241141    4                       1         
G0793003000026716    2019021120190213826600000005550105320190201001055000612100100000000055500000142000002251141    4                       1         
G0793003000026716    2019021120190213826600000005000105320190201001554000646200100000000050000000142000002261141    4                       1         
G0793003000026716    2019021120190213826600000004300105320190201001633000652000100000000043000000142000002271141    4                       1         
G0793003000026716    2019021120190213826000000005300105320190201000824000595200100000000053000000142000002281141    4                       1         
G0793003000026716    2019021120190213826000000005300105320190201000747000588800100000000053000000142000002291141    4                       1         
G0793003000026716    2019021120190213826000000004400105320190201001121000616900100000000044000000142000002301141    4                       1         
G0793003000026716    2019021120190213826000000004300105320190201001877000669100100000000043000000142000002311141    4                       1         
G0793003000026716    2019021120190213826000000004200105320190214001462010501000100000000042000000142000002321829    4                       1         
G0793003000026716    2019021120190213826500000007250105320190214000605010423100100000000072500000142000002331829    4                       1         
G0793003000026716    2019021120190213826500000007100105320190114000893010321900100000000071000000142000002341829    4                       1         
G0793003000026716    2019021120190213826500000004350105320190114001049010331100100000000043500000142000002351829    4                       1         
G0793003000026716    2019021120190213826500000004300105320190214000936010447500100000000043000000142000002361829    4                       1         
G0793003000026716    2019021120190213826500000004300105320190214000724010432200100000000043000000142000002371829    4                       1         
G0793003000026716    2019021120190213826500000004200105320190214000721010431900100000000042000000142000002381829    4                       1         
G0793003000026716    2019021120190213826400000007550105320190214001375010474200100000000075500000142000002391829    4                       1         
G0793003000026716    2019021120190213826300000018650105320190214001374010474100100000000186500000142000002401829    4                       1         
G0793003000026716    2019021120190213826300000011450105320190214001532010484300100000000114500000142000002411829    4                       1         
G0793003000026716    2019021120190213826300000009450105320190214001584010487200100000000094500000142000002421829    4                       1         
G0793003000026716    2019021120190213826300000008900105320190114001071010332000100000000089000000142000002431829    4                       1         
G0793003000026716    2019021120190213826300000007100105320190214000983010450200100000000071000000142000002441829    4                       1         
G0793003000026716    2019021120190213826300000005350105320181213000991010203700100000000053500000142000002451829    4                       1         
G0793003000026716    2019021120190213826300000004800105320190214000340010405400100000000048000000142000002461829    4                       1         
G0793003000026716    2019021120190213826500000004200105320190214000297010402400100000000042000000142000002471829    4                       1         
G0793003000026716    2019021120190213826300000004400105320190214001166010460600100000000044000000142000002481829    4                       1         
G0793003000026716    2019021120190213826300000004400105320190214000410010409600100000000044000000142000002491829    4                       1         
G0793003000026716    2019021120190213826300000004350105320190114001757010375600100000000043500000142000002501829    4                       1         
G0793003000026716    2019021120190213826400000006550105320190214001656010491700100000000065500000142000002511829    4                       1         
G0793003000026716    2019021120190213826400000006200105320190214001247010465800100000000062000000142000002521829    4                       1         
G0793003000026716    2019021120190213826400000005350105320190114000560010296200100000000053500000142000002531829    4                       1         
G0793003000026716    2019021120190213826400000004300105320190214001310010469900100000000043000000142000002541829    4                       1         
G0793003000026716    2019021120190213826400000004300105320190214000797010438500100000000043000000142000002551829    4                       1         
G0793003000026716    2019021120190213826400000004200105320190214001394010475500100000000042000000142000002561829    4                       1         
G0793003000026716    2019021120190213826200000004400105320190214001457010479500100000000044000000142000002571829    4                       1         
G0793003000026716    2019021120190213826000000004200105320190115000586022052500100000000042000000142000002583738    4                       1         
G0793003000026716    2019021120190213826900000004200105320190114001204010340000100000000042000000142000002591829    4                       1         
G0793003000026716    2019021120190213826300000004300105320190214001449010479100100000000043000000142000002601829    4                       1         
G0793003000026716    2019021120190213826300000004300105320190214001330010471100100000000043000000142000002611829    4                       1         
G0793003000026716    2019021120190213826300000004300105320190214000331010404700100000000043000000142000002621829    4                       1         
G0793003000026716    2019021120190213826300000004300105320190114000723010308900100000000043000000142000002631829    4                       1         
G0793003000026716    2019021120190213826300000004200105320190214001766010498700100000000042000000142000002641829    4                       1         
G0793003000026716    2019021120190213826300000004200105320190214001249010466000100000000042000000142000002651829    4                       1         
G0793003000026716    2019021120190213826300000004200105320190214000917010446400100000000042000000142000002661829    4                       1         
G0793003000026716    2019021120190213826300000004200105320190214000775010436500100000000042000000142000002671829    4                       1         
G0793003000026716    2019021120190213826300000009750105320190204060716002613200100000000097500000142000002683738    4                       1         
G0793003000026716    2019021120190213826400000006550105320190204070595035748200100000000065500000142000002691829    4                       1         
G0793003000026716    2019021120190213826200000015550105320190221061237002658800100000000155500000142000002703738    4                       1         
G0793003000026716    2019021120190213826300000004250105320190204070851035767400100000000042500000142000002711829    4                       1         
G0793003000026716    2019021120190213826700000005850105320190204061315002664400100000000058500000142000002723738    4                       1         
G0793003000026716    2019021120190213826800000001300105320190204070063035710500100000000013000000142000002731829    4                       1         
G0793003000026716    2019021120190213826600000003300105320190205001040006788900100000000033000000142000002743863    4                       1         
G0793003000026716    2019021120190213826000000004050105320190204070780035762200100000000040500000142000002751829    4                       1         
G0793003000026716    2019021120190213826600000008250105320190204070562035746100100000000082500000142000002761829    4                       1         
G0793003000026716    2019021120190213826800000006500105320190204070881035769400100000000065000000142000002771829    4                       1         
G0793003000026716    2019021120190213826800000006700105320190103070262035647700100000000067000000142000002781829    4                       1         
G0793003000026716    2019021120190213826700000004250105320190204070611035749400100000000042500000142000002791829    4                       1         
G0793003000026716    2019021120190213826700000003200105320190205005700006840800100000000032000000142000002803863    4                       1         
G0793003000026716    2019021120190213826300000004800105320190205001044006789000100000000048000000142000002813863    4                       1         
G0793003000026716    2019021120190213826700000003200105320190205003030006807200100000000032000000142000002823863    4                       1         
G0793003000026716    2019021120190213826700000003100105320190205005973006847500100000000031000000142000002833863    4                       1         
G0793003000026716    2019021120190213826700000003100105320190205005845006843500100000000031000000142000002843863    4                       1         
G0793003000026716    2019021120190213826100000004100105320180115070881035705000100000000041000000142000002851829    4                       1         
G0793003000026716    2019021120190213826000000006300105320181224070302020247400100000000063000000142000002861829    4                       1         
G0793003000026716    2019021120190213826700000005250105320190204070686035755300100000000052500000142000002871829    4                       1         
G0793003000026716    2019021120190213826500000003200105320190205001320006791800100000000032000000142000002883863    4                       1         
G0793003000026716    2019021120190213826800000003200105320190205001690006795100100000000032000000142000002893863    4                       1         
G0793003000026716    2019021120190213826800000003100105320190205000610006785200100000000031000000142000002903863    4                       1         
G0793003000026716    2019021120190213826000000003200105320190205005660006840100100000000032000000142000002913863    4                       1         
G0793003000026716    2019021120190213826000000003100105320190205005632006838100100000000031000000142000002923863    4                       1         
G0793003000026716    2019021120190213826800000005200105320190205000520006784400100000000052000000142000002933863    4                       1         
G0793003000026716    2019021120190213826100000001250105320190204070066035710700100000000012500000142000002941829    4                       1         
G0793003000026716    2019021120190213826900000006650105320190204070998035778200100000000066500000142000002951829    4                       1         
G0793003000026716    2019021120190213826000000005500105320190208070216035719500100000000055000000142000002961829    4                       1         
G0793003000026716    2019021120190213826900000004000105320190205003070006807600100000000040000000142000002973863    4                       1         
G0793003000026716    2019021120190213826900000003200105320190205000880006787600100000000032000000142000002983863    4                       1         
G0793003000026716    2019021120190213826200000009050105320190204070984035777400100000000090500000142000002991829    4                       1         
G0793003000026716    2019021120190213826900000004150105320190204070608035749100100000000041500000142000003001829    4                       1         
G0793003000026716    2019021120190213826000000004150105320190204070361035730900100000000041500000142000003011829    4                       1         
G0793003000026716    2019021120190213826300000011250105320190204070795035763300100000000112500000142000003021829    4                       1         
G0793003000026716    2019021120190213826100000004150105320190204070016035707300100000000041500000142000003031829    4                       1         
G0793003000026716    2019021120190213826100000004150105320190204070932035773300100000000041500000142000003041829    4                       1         
G0793003000026716    2019021120190213826400000001250105320190204070502035741800100000000012500000142000003051829    4                       1         
G0793003000026716    2019021120190213826300000005250105320181203070216035565900100000000052500000142000003061829    4                       1         
G0793003000026716    2019021120190213826400000004150105320190204070942035774000100000000041500000142000003071829    4                       1         
G0793003000026716    2019021120190213826500000006950105320190204070920035772200100000000069500000142000003081829    4                       1         
G0793003000026716    2019021120190213826800000003200105320190205005644006838900100000000032000000142000003093863    4                       1         
G0793003000026716    2019021120190213826300000004100105320181203070262035570000100000000041000000142000003101829    4                       1         
G0793003000026716    2019021120190213826400000004800105320190205004000006816100100000000048000000142000003113863    4                       1         
G0793003000026716    2019021120190213826700000004150105320190204070712035757300100000000041500000142000003121829    4                       1         
G0793003000026716    2019021120190213826700000004100105320180115070998035705200100000000041000000142000003131829    4                       1         
G0793003000026716    2019021120190213826300000004200105320190214000206010395900100000000042000000142000003141829    4                       1         
G0793003000026716    2019021120190213826400000004700105320190105005657006769200100000000047000000142000003153863    4                       1         
G0793003000026716    2019021120190213826200000001250105320190204070491035741100100000000012500000142000003161829    4                       1         
G0793003000026716    2019021120190213826200000004200105320190214001740010496900100000000042000000142000003171829    4                       1         
G0793003000026716    2019021120190213826600000001476105320190225070309020301800100000000014760000142000003181829    4                       1         
G0793003000026716    2019021120190213826500000004260105320190215000558022122100100000000042600000142000003193738    4                       1         
G0793003000026716    2019021120190213826200000004260105320190215000008022073000100000000042600000142000003203738    4                       1         
G0793003000026716    2019021120190213826600000004353105320190215000419022109700100000000043530000142000003213738    4                       1         
G0793003000026716    2019021120190213826000000004260105320190215000149022085400100000000042600000142000003223738    4                       1         
G0793003000026716    2019021120190213826600000004346105320190215000577022123700100000000043460000142000003233738    4                       1         
G0793003000026716    2019021120190213826200000004200105320190115000387022035100100000000042000000142000003243738    4                       1         
G0793003000026716    2019021120190213826600000004187105320190225070367020305300100000000041870000142000003251829    4                       1         
G0793003000026716    2019021120190213826600000004260105320190215000649022129700100000000042600000142000003263738    4                       1         
G0793003000026716    2019021120190213826000000010850105320190215000645022129400100000000108500000142000003273738    4                       1         
G0793003000026716    2019021120190213826500000004260105320190215000263022096000100000000042600000142000003283738    4                       1         
G0793003000026716    2019021120190213826900000004346105320190215000440022111500100000000043460000142000003293738    4                       1         
G0793003000026716    2019021120190213826900000004260105320190215000456022113100100000000042600000142000003303738    4                       1         
G0793003000026716    2019021120190213826500000008600105320190315000068022078400100000000086000000142000003313738    4                       1         
G0793003000026716    2019021120190213826000000004260105320190215000536022119900100000000042600000142000003323738    4                       1         
G0793003000026716    2019021120190213826000000004241105320190215000534022119700100000000042410000142000003333738    4                       1         
G0793003000026716    2019021120190213826500000004355105320190215000460022113300100000000043550000142000003343738    4                       1         
G0793003000026716    2019021120190213826500000004260105320190215000758022138100100000000042600000142000003353738    4                       1         
G0793003000026716    2019021120190213826100000004260105320190215000703022134300100000000042600000142000003363738    4                       1         
G0793003000026716    2019021120190213826900000004346105320190215000662022130900100000000043460000142000003373738    4                       1         
G0793003000026716    2019021120190213826700000010850105320190215000755022137800100000000108500000142000003383738    4                       1         
G0793003000026716    2019021120190213826900000004260105320190215000359022104500100000000042600000142000003393738    4                       1         
G0793003000026716    2019021120190213826900000004200105320190115000563022050500100000000042000000142000003403738    4                       1         
G0793003000026716    2019021120190213826200000004200105320190214000663010427400100000000042000000142000003411829    4                       1         
G0793003000026716    2019021120190213826200000004200105320190214000419010410200100000000042000000142000003421829    4                       1         
G0793003000026716    2019021120190213826800000004260105320190215000103022081400100000000042600000142000003433738    4                       1         
G0793003000026716    2019021120190213826300000004200105320190114000255010276200100000000042000000142000003441829    4                       1         
G0793003000026716    2019021120190213826400000004260105320190215000702022134200100000000042600000142000003453738    4                       1         
G0793003000026716    2019021120190213826700000004853105320190215000028022074600100000000048530000142000003463738    4                       1         
G0793003000026716    2019021120190213826700000004260105320190215000560022122300100000000042600000142000003473738    4                       1         
G0793003000026716    2019021120190213826700000004200105320190115000510022045700100000000042000000142000003483738    4                       1         
G0793003000026716    2019021120190213826200000013500105320190214001615010489400100000000135000000142000003491829    4                       1         
G0793003000026716    2019021120190213826200000004200105320190114001207010340200100000000042000000142000003501829    4                       1         
G0793003000026716    2019021120190213826200000004050105320190204070048035709300100000000040500000142000003511829    4                       1         
G0793003000026716    2019021120190213826100000025000105320190214000175010393800100000000250000000142000003521829    4                       1         
G0793003000026716    2019021120190213826200000004841105320190215000717022135300100000000048410000142000003533738    4                       1         
G0793003000026716    2019021120190213826600000010850105320190115000832022071200100000000108500000142000003543738    4                       1         
G0793003000026716    2019021120190213826100000011150105320190114000656010303600100000000111500000142000003551829    4                       1         
G0793003000026716    2019021120190213826100000004300105320190214001408010476300100000000043000000142000003561829    4                       1         
G0793003000026716    2019021120190213826100000004300105320190214000756010434800100000000043000000142000003571829    4                       1         
G0793003000026716    2019021120190213826100000004300105320190114001290010345800100000000043000000142000003581829    4                       1         
G0793003000026716    2019021120190213826100000004300105320190114000913010323100100000000043000000142000003591829    4                       1         
G0793003000026716    2019021120190213826100000004352105320190215000745022137100100000000043520000142000003603738    4                       1         
G0793003000026716    2019021120190213826300000004260105320190215000591022125000100000000042600000142000003613738    4                       1         
G0793003000026716    2019021120190213826100000004300105320190114000054010261700100000000043000000142000003621829    4                       1         
G0793003000026716    2019021120190213826100000004200105320190214001373010474000100000000042000000142000003631829    4                       1         
G0793003000026716    2019021120190213826100000004200105320190214000818010440300100000000042000000142000003641829    4                       1         
G0793003000026716    2019021120190213826100000004200105320190214000433010411300100000000042000000142000003651829    4                       1         
G0793003000026716    2019021120190213826100000004200105320190214000143010391500100000000042000000142000003661829    4                       1         
G0793003000026716    2019021120190213826100000004200105320190114001145010336300100000000042000000142000003671829    4                       1         
G0793003000026716    2019021120190213826100000007100105320190214001502010482400100000000071000000142000003681829    4                       1         
G0793003000026716    2019021120190213826100000005650105320190214000566010419900100000000056500000142000003691829    4                       1         
G0793003000026716    2019021120190213826100000004950105320190114001130010335300100000000049500000142000003701829    4                       1         
G0793003000026716    2019021120190213826100000004450105320190214000376010407400100000000044500000142000003711829    4                       1         
G0793003000026716    2019021120190213826100000004400105320190114000102010265100100000000044000000142000003721829    4                       1         
G0793003000026716    2019021120190213826100000004350105320190214001215010463600100000000043500000142000003731829    4                       1         
G0793003000026716    2019021120190213826000000007850105320190214001257010466400100000000078500000142000003741829    4                       1         
G0793003000026716    2019021120190213826000000007100105320190214001439010478600100000000071000000142000003751829    4                       1         
G0793003000026716    2019021120190213826600000004400105320190214001110010457100100000000044000000142000003761829    4                       1         
G0793003000026716    2019021120190213826600000004300105320190214000481010413900100000000043000000142000003771829    4                       1         
G0793003000026716    2019021120190213826000000005650105320190214001096010456500100000000056500000142000003781829    4                       1         
G0793003000026716    2019021120190213826000000004800105320190214000661010427300100000000048000000142000003791829    4                       1         
G0793003000026716    2019021120190213826000000004800105320190114001320010347700100000000048000000142000003801829    4                       1         
G0793003000026716    2019021120190213826000000004450105320190214000957010448800100000000044500000142000003811829    4                       1         
G0793003000026716    2019021120190213826000000004300105320190214001578010486900100000000043000000142000003821829    4                       1         
G0793003000026716    2019021120190213826000000004300105320190214000953010448600100000000043000000142000003831829    4                       1         
G0793003000026716    2019021120190213826000000004300105320190214000021010382900100000000043000000142000003841829    4                       1         
G0793003000026716    2019021120190213826600000004300105320190114000722010308800100000000043000000142000003851829    4                       1         
G0793003000026716    2019021120190213826600000004200105320190214001506010482700100000000042000000142000003861829    4                       1         
G0793003000026716    2019021120190213826000000004200105320190214001767010498800100000000042000000142000003871829    4                       1         
G0793003000026716    2019021120190213826000000004200105320190214000409010409500100000000042000000142000003881829    4                       1         
G0793003000026716    2019021120190213826100000004260105320190215000278022097300100000000042600000142000003893738    4                       1         
G0793003000026716    2019021120190213826500000003100105320190205005280006827700100000000031000000142000003900793    4                       1         
G0793003000026716    2019021120190213826600000003650105320190205004937006824500100000000036500000142000003910793    4                       1         
G0793003000026716    2019021120190213826600000012550105320190205005617006837100100000000125500000142000003923863    4                       1         
G0793003000026716    2019021120190213826200000006650105320190205004420006819900100000000066500000142000003933863    4                       1         
G0793003000026716    2019021120190213826200000006050105320190205000140006780800100000000060500000142000003943863    4                       1         
G0793003000026716    2019021120190213826900000006000105320190205001015006788600100000000060000000142000003953863    4                       1         
G0793003000026716    2019021120190213826900000004800105320190205003730006813900100000000048000000142000003963863    4                       1         
G0793003000026716    2019021120190213826900000004800105320190205001100006789700100000000048000000142000003973863    4                       1         
G0793003000026716    2019021120190213826300000003300105320190105005638006767800100000000033000000142000003983863    4                       1         
G0793003000026716    2019021120190213826300000003200105320190205000590006785100100000000032000000142000003993863    4                       1         
G0793003000026716    2019021120190213826100000003100105320190205005528006830300100000000031000000142000004003863    4                       1         
G0793003000026716    2019021120190213826100000004800105320190205000360006782800100000000048000000142000004013863    4                       1         
G0793003000026716    2019021120190213826600000005550105320190205004040006816500100000000055500000142000004023863    4                       1         
G0793003000026716    2019021120190213826600000003400105320190105002780006734300100000000034000000142000004033863    4                       1         
G0793003000026716    2019021120190213826600000004260105320190215000446018096800100000000042600000142000004041141    4                       1         
G0793003000026716    2019021120190213826500000010850105320190215000060018065600100000000108500000142000004051141    4                       1         
G0793003000026716    2019021120190213826500000010114105320190215000420018094700100000000101140000142000004061141    4                       1         
G0793003000026716    2019021120190213826400000004200105320190115000649018054400100000000042000000142000004071141    4                       1         
G0793003000026716    2019021120190213826900000004260105320190215000702018118800100000000042600000142000004081141    4                       1         
G0793003000026716    2019021120190213826800000004200105320190115000265018021800100000000042000000142000004091141    4                       1         
G0793003000026716    2019021120190213826400000007177105320190215000520018103200100000000071770000142000004101141    4                       1         
G0793003000026716    2019021120190213826300000005996105320190215000464018098600100000000059960000142000004111141    4                       1         
G0793003000026716    2019021120190213826400000004200105320190115000485018039700100000000042000000142000004121141    4                       1         
G0793003000026716    2019021120190213826300000005000105320190213000039018121300100000000050000000142000004131141    4                       1         
G0793003000026716    2019021120190213826300000004832105320190215000347018088900100000000048320000142000004141141    4                       1         
G0793003000026716    2019021120190213826500000004200105320190115000728018060600100000000042000000142000004151141    4                       1         
G0793003000026716    2019021120190213826400000004260105320190215000123018071400100000000042600000142000004161141    4                       1         
G0793003000026716    2019021120190213826400000004260105320190215000253018081400100000000042600000142000004171141    4                       1         
G0793003000026716    2019021120190213826400000004260105320190215000066018066200100000000042600000142000004181141    4                       1         
G0793003000026716    2019021120190213826800000004260105320190215000677018117000100000000042600000142000004191141    4                       1         
G0793003000026716    2019021120190213826800000004260105320190215000426018095000100000000042600000142000004201141    4                       1         
G0793003000026716    2019021120190213826800000004260105320190215000224018079200100000000042600000142000004211141    4                       1         
G0793003000026716    2019021120190213826800000004200105320190115000550018045600100000000042000000142000004221141    4                       1         
G0793003000026716    2019021120190213826800000004200105320190115000461018038000100000000042000000142000004231141    4                       1         
G0793003000026716    2019021120190213826700000004272105320190215000594018109800100000000042720000142000004241141    4                       1         
G0793003000026716    2019021120190213826800000005350105320190115000394018032600100000000053500000142000004251141    4                       1         
G0793003000026716    2019021120190213826800000005508105320190215000175018075300100000000055080000142000004261141    4                       1         
G0793003000026716    2019021120190213826800000006110105320190315000733018121100100000000061100000142000004271141    4                       1         
G0793003000026716    2019021120190213826500000007979105320190221000050014268600100000000079790000142000004283089    4                       1         
G0793003000026716    2019021120190213826800000004352105320190215000552018106100100000000043520000142000004291141    4                       1         
G0793003000026716    2019021120190213826800000004352105320190215000100018069200100000000043520000142000004301141    4                       1         
G0793003000026716    2019021120190213826500000005650105320190121000323014205500100000000056500000142000004313089    4                       1         
G0793003000026716    2019021120190213826500000004950105320190121000776014246200100000000049500000142000004323089    4                       1         
G0793003000026716    2019021120190213826900000010850105320190115000165018013800100000000108500000142000004331141    4                       1         
G0793003000026716    2019021120190213826700000004260105320190215000663018115900100000000042600000142000004341141    4                       1         
G0793003000026716    2019021120190213826700000006596105320190215000059018065500100000000065960000142000004351141    4                       1         
G0793003000026716    2019021120190213826600000013530105320190215000141018072400100000000135300000142000004361141    4                       1         
G0793003000026716    2019021120190213826500000004489105320190221000755014331200100000000044890000142000004373089    4                       1         
G0793003000026716    2019021120190213826500000004320105320190221000639014321500100000000043200000142000004383089    4                       1         
G0793003000026716    2019021120190213826500000004305105320190221000256014287200100000000043050000142000004393089    4                       1         
G0793003000026716    2019021120190213826900000006099105320190215000518018103000100000000060990000142000004401141    4                       1         
G0793003000026716    2019021120190213826900000005950105320190115000346018028500100000000059500000142000004411141    4                       1         
G0793003000026716    2019021120190213826900000004260105320190215000287018084000100000000042600000142000004421141    4                       1         
G0793003000026716    2019021120190213826500000004300105320190121000462014218200100000000043000000142000004433089    4                       1         
G0793003000026716    2019021120190213826300000013500105320190121000181014193200100000000135000000142000004443089    4                       1         
G0793003000026716    2019021120190213826300000004800105320190121000819014250000100000000048000000142000004453089    4                       1         
G0793003000026716    2019021120190213826300000004600105320190121000538014225200100000000046000000142000004463089    4                       1         
G0793003000026716    2019021120190213826000000001400105320190221000839014338200100000000014000000142000004473089    4                       1         
G0793003000026716    2019021120190213826000000001394105320190221000491014308800100000000013940000142000004483089    4                       1         
G0793003000026716    2019021120190213826400000005454105320190221000312014292300100000000054540000142000004493089    4                       1         
G0793003000026716    2019021120190213826400000004320105320190221000244014286100100000000043200000142000004503089    4                       1         
G0793003000026716    2019021120190213826000000010850105320190215000307018085800100000000108500000142000004511141    4                       1         
G0793003000026716    2019021120190213826200000004260105320190215000273018082700100000000042600000142000004521141    4                       1         
G0793003000026716    2019021120190213826400000004320105320190221000131014276000100000000043200000142000004533089    4                       1         
G0793003000026716    2019021120190213826400000004320105320190221000118014274900100000000043200000142000004543089    4                       1         
G0793003000026716    2019021120190213826400000004300105320190121000818014249900100000000043000000142000004553089    4                       1         
G0793003000026716    2019021120190213826800000004301105320190221000734014329800100000000043010000142000004563089    4                       1         
G0793003000026716    2019021120190213826800000004300105320190121000203014195100100000000043000000142000004573089    4                       1         
G0793003000026716    2019021120190213826800000009650105320190121000156014190900100000000096500000142000004583089    4                       1         
G0793003000026716    2019021120190213826800000007019105320190221000306014291700100000000070190000142000004593089    4                       1         
G0793003000026716    2019021120190213826800000004448105320190221000938014345700100000000044480000142000004603089    4                       1         
G0793003000026716    2019021120190213826700000008482105320190221000009014264700100000000084820000142000004613089    4                       1         
G0793003000026716    2019021120190213826700000004530105320190221000580014316500100000000045300000142000004623089    4                       1         
G0793003000026716    2019021120190213826700000004407105320190221000931014345100100000000044070000142000004633089    4                       1         
G0793003000026716    2019021120190213826900000004200105320190115000012018000800100000000042000000142000004641141    4                       1         
G0793003000026716    2019021120190213826900000004260105320190215000270018082500100000000042600000142000004651141    4                       1         
G0793003000026716    2019021120190213826700000004320105320190221000603014318300100000000043200000142000004663089    4                       1         
G0793003000026716    2019021120190213826700000004316105320190221000879014341000100000000043160000142000004673089    4                       1         
G0793003000026716    2019021120190213826700000004316105320190221000558014314500100000000043160000142000004683089    4                       1         
G0793003000026716    2019021120190213826700000001400105320190121000839014251500100000000014000000142000004693089    4                       1         
G0793003000026716    2019021120190213826700000001360105320190221000192014281600100000000013600000142000004703089    4                       1         
G0793003000026716    2019021120190213826300000004260105320190215000565018107100100000000042600000142000004711141    4                       1         
G0793003000026716    2019021120190213826700000006018105320190221000909014343400100000000060180000142000004723089    4                       1         
G0793003000026716    2019021120190213826200000007185105320190221000881014341100100000000071850000142000004733089    4                       1         
G0793003000026716    2019021120190213826200000006025105320190221000090014272400100000000060250000142000004743089    4                       1         
G0793003000026716    2019021120190213826200000005500105320190121000412014213400100000000055000000142000004753089    4                       1         
G0793003000026716    2019021120190213826900000005614105320190221000776014332900100000000056140000142000004763089    4                       1         
G0793003000026716    2019021120190213826900000005614105320190221000776014332900100000000056140000142000004773089    4                       1         
G0793003000026716    2019021120190213826900000004421105320190221000770014332500100000000044210000142000004783089    4                       1         
G0793003000026716    2019021120190213826900000004377105320190221000275014288900100000000043770000142000004793089    4                       1         
G0793003000026716    2019021120190213826900000004350105320190121000652014235400100000000043500000142000004803089    4                       1         
G0793003000026716    2019021120190213826900000004320105320190221000158014278500100000000043200000142000004813089    4                       1         
G0793003000026716    2019021120190213826900000004265105320190221000235014285300100000000042650000142000004823089    4                       1         
G0793003000026716    2019021120190213826200000004408105320190221000712014328100100000000044080000142000004833089    4                       1         
G0793003000026716    2019021120190213826300000004260105320190215000522018103400100000000042600000142000004841141    4                       1         
G0793003000026716    2019021120190213826600000003850105320181206000030095516800100000000038500000142000004854481    4                       1         
G0793003000026716    2019021120190213826400000003850105320181107001131000112600100000000038500000142000004864481    4                       1         
G0793003000026716    2019021120190213826400000003100105320190205005580006834200100000000031000000142000004871237    4                       1         
G0793003000026716    2019021120190213826000000004150105320190204070064035710600100000000041500000142000004881829    4                       1         
G0793003000026716    2019021120190213826500000003850105320181206000988095609400100000000038500000142000004894481    4                       1         
G0793003000026716    2019021120190213826000000004260105320190215000725018120700100000000042600000142000004901141    4                       1         
G0793003000026716    2019021120190213826000000003850105320181107000569000056400100000000038500000142000004914481    4                       1         
G0793003000026716    2019021120190213826500000003850105320181206000259095538300100000000038500000142000004924481    4                       1         
G0793003000026716    2019021120190213826300000004260105320190215000507018101900100000000042600000142000004931141    4                       1         
G0793003000026716    2019021120190213826800000003850105320181206000579095569400100000000038500000142000004944481    4                       1         
G0793003000026716    2019021120190213826300000003850105320181107000259000025400100000000038500000142000004954481    4                       1         
G0793003000026716    2019021120190213826100000003850105320181206000977095608300100000000038500000142000004964481    4                       1         
G0793003000026716    2019021120190213826100000003850105320181206000968095607400100000000038500000142000004974481    4                       1         
G0793003000026716    2019021120190213826100000003850105320181206000569095568400100000000038500000142000004984481    4                       1         
G0793003000026716    2019021120190213826600000003850105320181206001131095623600100000000038500000142000004994481    4                       1         
G0793003000026716    2019021120190213826300000004260105320190215000344018088600100000000042600000142000005001141    4                       1         
G0793003000026716    2019021120190213826200000004260105320190215000229018079700100000000042600000142000005011141    4                       1         
G0793003000026716    2019021120190213826100000005950105320190115000093018007900100000000059500000142000005021141    4                       1         
G0793003000026716    2019021120190213826100000004346105320190215000487018100200100000000043460000142000005031141    4                       1         
G0793003000026716    2019021120190213826100000004200105320190115000426018034700100000000042000000142000005041141    4                       1         
G0793003000026716    2019021120190213826100000004800105320190115000590018049100100000000048000000142000005051141    4                       1         
G0793003000026716    2019021120190213826000000019950105320190115000078018006500100000000199500000142000005061141    4                       1         
G0793003000026716    2019021120190213826000000009378105320190215000465018098700100000000093780000142000005071141    4                       1         
G0793003000026716    2019021120190213826000000006804105320190215000683018117400100000000068040000142000005081141    4                       1         
G0793003000026716    2019021120190213826000000006767105320190215000122018071300100000000067670000142000005091141    4                       1         
G0793003000026716    2019021120190213826000000005950105320190115000103018008800100000000059500000142000005101141    4                       1         
G0793003000026716    2019021120190213826600000004200105320190115000273018022400100000000042000000142000005111141    4                       1         
G0793003000026716    2019021120190213826500000004250105320190204000299002567700100000000042500000142000005121116    4                       1         
G0793003000026716    2019021120190213826400000004150105320190204000786002596100100000000041500000142000005131116    4                       1         
G0793003000026716    2019021120190213826000000001350105320190204000239002564500100000000013500000142000005141116    4                       1         
G0793003000026716    2019021120190213826400000011600105320190204000470002576400100000000116000000142000005151116    4                       1         
G0793003000026716    2019021120190213826900000004150105320190204000732002592300100000000041500000142000005161116    4                       1         
G0793003000026716    2019021120190213826800000010000105320190204000404002572800100000000100000000142000005171116    4                       1         
G0793003000026716    2019021120190213826800000004150105320190204000795002596800100000000041500000142000005181116    4                       1         
G0793003000026716    2019021120190213826900000024650105320190204000163002559400100000000246500000142000005191116    4                       1         
G0793003000026716    2019021120190213826600000007200105320190204000517002579000100000000072000000142000005201116    4                       1         
G0793003000026716    2019021120190213826900000006450105320190204000310002568400100000000064500000142000005211116    4                       1         
G0793003000026716    2019021120190213826200000004750105320190103000323002519200100000000047500000142000005221116    4                       1         
G0793003000026716    2019021120190213826300000004150105320190204000803002597500100000000041500000142000005231116    4                       1         
G0793003000026716    2019021120190213826300000004150105320190204000455002575400100000000041500000142000005241116    4                       1         
G0793003000026716    2019021120190213826200000010700105320190103000078002504300100000000107000000142000005251116    4                       1         
G0793003000026716    2019021120190213826200000004150105320190103000455002526500100000000041500000142000005261116    4                       1         
G0793003000026716    2019021120190213826200000004150105320190103000225002513700100000000041500000142000005271116    4                       1         
G0793003000026716    2019021120190213826100000004150105320190204000660002587800100000000041500000142000005281116    4                       1         
G0793003000026716    2019021120190213826100000004150105320190204000129002557400100000000041500000142000005291116    4                       1         
G0793003000026716    2019021120190213826500000012300105320190121000236014197800100000000123000000142000005303089    4                       1         
G0793003000026716    2019021120190213826500000008191105320190221000850014339000100000000081910000142000005313089    4                       1         
G0793003000026716    2019021120190213826400000004300105320190201000370000557800100000000043000000142000005321141    4                       1         
G0793003000026716    2019021120190213826500000004300105320190201000039000532900100000000043000000142000005331141    4                       1         
G0793003000026716    2019021120190213826500000004300105320190103001461000469000100000000043000000142000005341141    4                       1         
G0793003000026716    2019021120190213826300000012600105320190201001919000672200100000000126000000142000005351141    4                       1         
G0793003000026716    2019021120190213826300000012400105320190201002104000685200100000000124000000142000005361141    4                       1         
G0793003000026716    2019021120190213826300000010100105320190201000908000601200100000000101000000142000005371141    4                       1         
G0793003000026716    2019021120190213826300000006550105320190115000643018053800100000000065500000142000005381141    4                       1         
G0793003000026716    2019021120190213826500000004200105320190201001775000661900100000000042000000142000005391141    4                       1         
G0793003000026716    2019021120190213826500000004200105320190201001640000652600100000000042000000142000005401141    4                       1         
G0793003000026716    2019021120190213826500000004200105320190201000323000553900100000000042000000142000005411141    4                       1         
G0793003000026716    2019021120190213826300000004450105320190201001001000608000100000000044500000142000005421141    4                       1         
G0793003000026716    2019021120190213826400000007300105320190201000324000554000100000000073000000142000005431141    4                       1         
G0793003000026716    2019021120190213826400000004300105320190201001430000637800100000000043000000142000005441141    4                       1         
G0793003000026716    2019021120190213826400000004300105320190201000009000530400100000000043000000142000005451141    4                       1         
G0793003000026716    2019021120190213826400000004200105320190201001392000635300100000000042000000142000005461141    4                       1         
G0793003000026716    2019021120190213826800000004300105320190201001677000654600100000000043000000142000005471141    4                       1         
G0793003000026716    2019021120190213826800000004300105320190201000689000583800100000000043000000142000005481141    4                       1         
G0793003000026716    2019021120190213826800000010450105320190201001772000661600100000000104500000142000005491141    4                       1         
G0793003000026716    2019021120190213826800000005550105320190201000005000530100100000000055500000142000005501141    4                       1         
G0793003000026716    2019021120190213826800000005550105320190103000593000406000100000000055500000142000005511141    4                       1         
G0793003000026716    2019021120190213826800000005300105320190201001723000658000100000000053000000142000005521141    4                       1         
G0793003000026716    2019021120190213826700000004400105320190201000077000535300100000000044000000142000005531141    4                       1         
G0793003000026716    2019021120190213826700000004350105320190201001709000656600100000000043500000142000005541141    4                       1         
G0793003000026716    2019021120190213826700000004300105320190201000785000592000100000000043000000142000005551141    4                       1         
G0793003000026716    2019021120190213826700000004200105320190201001444000638400100000000042000000142000005561141    4                       1         
G0793003000026716    2019021120190213826700000007250105320190201000191000543500100000000072500000142000005571141    4                       1         
G0793003000026716    2019021120190213826200000008850105320190201001514000643700100000000088500000142000005581141    4                       1         
G0793003000026716    2019021120190213826200000008800105320190201001903000671000100000000088000000142000005591141    4                       1         
G0793003000026716    2019021120190213826200000007250105320190201000393000559600100000000072500000142000005601141    4                       1         
G0793003000026716    2019021120190213826200000005500105320190201000592000576600100000000055000000142000005611141    4                       1         
G0793003000026716    2019021120190213826200000005050105320190201000986000607200100000000050500000142000005621141    4                       1         
G0793003000026716    2019021120190213826900000006650105320190103002023000509400100000000066500000142000005631141    4                       1         
G0793003000026716    2019021120190213826900000005000105320190201000130000539300100000000050000000142000005641141    4                       1         
G0793003000026716    2019021120190213826900000004350105320190201001720000657700100000000043500000142000005651141    4                       1         
G0793003000026716    2019021120190213826900000004350105320190103001290000457300100000000043500000142000005661141    4                       1         
G0793003000026716    2019021120190213826900000004300105320190201001680000654800100000000043000000142000005671141    4                       1         
G0793003000026716    2019021120190213826900000004200105320190201002023000679600100000000042000000142000005681141    4                       1         
G0793003000026716    2019021120190213826300000004300105320190201002173000690500100000000043000000142000005691141    4                       1         
G0793003000026716    2019021120190213826200000004350105320190201001645000652900100000000043500000142000005701141    4                       1         
G0793003000026716    2019021120190213826200000004300105320190201001383000634900100000000043000000142000005711141    4                       1         
G0793003000026716    2019021120190213826200000004200105320190201001329000631000100000000042000000142000005721141    4                       1         
G0793003000026716    2019021120190213826200000013850105320190201002028000679900100000000138500000142000005731141    4                       1         
G0793003000026716    2019021120190213826200000004200105320190103001678000526200100000000042000000142000005741141    4                       1         
Z00057600000000003041215                                                                                                                              
