A2201053              HIDROFORTETOCANTINS 104CAIXA ECON. FEDERAL 2019021300155103                                                                     
G0793003000026716    2019021220190213826300000005450105320190201001803000663900100000000054500000142000000011141    3                       1         
G0793003000026716    2019021220190214826600000007950105320190103001592000477800100000000079500000142000000021141    4                       1         
G0793003000026716    2019021220190214826700000001150105300100000061214002550600000000000011500000142000000033089    4                       1         
G0793003000026716    2019021220190214826800000011300105300100000060352002581800000000000113000000142000000043738    4                       1         
G0793003000026716    2019021220190214826800000008300105300100000060654002607400000000000083000000142000000053738    4                       1         
G0793003000026716    2019021220190214826400000006700105300100000061186002654900000000000067000000142000000063738    4                       1         
G0793003000026716    2019021220190214826200000004650105300100000061342002562400000000000046500000142000000073738    4                       1         
G0793003000026716    2019021220190214826900000006750105300100000060400002585900000000000067500000142000000083738    4                       1         
G0793003000026716    2019021220190214826400000003750105300100000060732002614700000000000037500000142000000093738    4                       1         
G0793003000026716    2019021220190214826500000013700105300100000060429002588200000000000137000000142000000103738    4                       1         
G0793003000026716    2019021220190214826500000007700105300100000060822002622800000000000077000000142000000113738    4                       1         
G0793003000026716    2019021220190214826200000004250105300100000060544002597900000000000042500000142000000123738    4                       1         
G0793003000026716    2019021220190214826600000011050105300100000070915035694200000000000110500000142000000134065    4                       1         
G0793003000026716    2019021220190214826400000005800105300100000061316002664500000000000058000000142000000143738    4                       1         
G0793003000026716    2019021220190214826300000003200105300100000004925006753900000000000032000000142000000150793    4                       1         
G0793003000026716    2019021220190214826000000004150105300100000060932002632900000000000041500000142000000163738    4                       1         
G0793003000026716    2019021220190214826300000001300105300100000070398081602800000000000013000000142000000173939    4                       1         
G0793003000026716    2019021220190214826300000001250105300100000070946081654500000000000012500000142000000183939    4                       1         
G0793003000026716    2019021220190214826200000006450105300100000070951081655000000000000064500000142000000193939    4                       1         
G0793003000026716    2019021220190214826400000002400105300100000070973081657000000000000024000000142000000203939    4                       1         
G0793003000026716    2019021220190214826000000003800105300100000060897002629600000000000038000000142000000213738    4                       1         
G0793003000026716    2019021220190214826400000001250105300100000070445081607200000000000012500000142000000221829    4                       1         
G0793003000026716    2019021220190214826200000001100105300100000060811002622100000000000011000000142000000233738    4                       1         
G0793003000026716    2019021220190214826700000004350105300100000061106002648000000000000043500000142000000243738    4                       1         
G0793003000026716    2019021220190214826300000003850105300100000061174002547000000000000038500000142000000253738    4                       1         
G0793003000026716    2019021220190214826200000006450105300100000060771002618500000000000064500000142000000263738    4                       1         
G0793003000026716    2019021220190214826000000003750105300100000061337002666600000000000037500000142000000273738    4                       1         
G0793003000026716    2019021220190214826200000004650105300100000061342002667100000000000046500000142000000283738    4                       1         
G0793003000026716    2019021220190214826700000003750105300100000060987002637800000000000037500000142000000293738    4                       1         
G0793003000026716    2019021220190214826300000014850105300100000070661081627700000000000148500000142000000303939    4                       1         
G0793003000026716    2019021220190214826300000010500105300100000070714081632800000000000105000000142000000313939    4                       1         
G0793003000026716    2019021220190214826200000001250105300100000070936081653700000000000012500000142000000323939    4                       1         
G0793003000026716    2019021220190214826100000004500105300100000072007081754300000000000045000000142000000333939    4                       1         
G0793003000026716    2019021220190214826900000004300105300100000072005081754100000000000043000000142000000343939    4                       1         
G0793003000026716    2019021220190214826900000004200105300100000070745081635800000000000042000000142000000353939    4                       1         
G0793003000026716    2019021220190214826900000004150105300100000071259081684600000000000041500000142000000363939    4                       1         
G0793003000026716    2019021220190214826900000004100105300100000070662081627800000000000041000000142000000373939    4                       1         
G0793003000026716    2019021220190214826500000004200105300100000071634081547000000000000042000000142000000383939    4                       1         
G0793003000026716    2019021220190214826500000004200105300100000070721081633500000000000042000000142000000393939    4                       1         
G0793003000026716    2019021220190214826900000001300105300100000071760081731600000000000013000000142000000403939    4                       1         
G0793003000026716    2019021220190214826900000001250105300100000070291081592500000000000012500000142000000413939    4                       1         
G0793003000026716    2019021220190214826400000011400105300100000071513081708700000000000114000000142000000423939    4                       1         
G0793003000026716    2019021220190214826400000004200105300100000070930081653200000000000042000000142000000433939    4                       1         
G0793003000026716    2019021220190214826400000004150105300100000071350081693700000000000041500000142000000443939    4                       1         
G0793003000026716    2019021220190214826400000004150105300100000071260081684700000000000041500000142000000453939    4                       1         
G0793003000026716    2019021220190214826700000004350105300100000071778081733300000000000043500000142000000463939    4                       1         
G0793003000026716    2019021220190214826700000004200105300100000071809081736400000000000042000000142000000473939    4                       1         
G0793003000026716    2019021220190214826700000001300105300100000070511081613100000000000013000000142000000483939    4                       1         
G0793003000026716    2019021220190214826700000001250105300100000070308081594100000000000012500000142000000493939    4                       1         
G0793003000026716    2019021220190214826800000004200105300100000071634081719900000000000042000000142000000503939    4                       1         
G0793003000026716    2019021220190214826800000001300105300100000070329081596200000000000013000000142000000513939    4                       1         
G0793003000026716    2019021220190214826600000014850105300100000070660081627600000000000148500000142000000523939    4                       1         
G0793003000026716    2019021220190214826600000004200105300100000071227081681400000000000042000000142000000533939    4                       1         
G0793003000026716    2019021220190214826600000002400105300100000071425081700800000000000024000000142000000543939    4                       1         
G0793003000026716    2019021220190214826600000001350105300100000070921081652400000000000013500000142000000553939    4                       1         
G0793003000026716    2019021220190214826600000001250105300100000070397081602700000000000012500000142000000563939    4                       1         
G0793003000026716    2019021220190214826500000011550105300100000071616081718300000000000115500000142000000573939    4                       1         
G0793003000026716    2019021220190214826500000004800105300100000070670081628600000000000048000000142000000583939    4                       1         
G0793003000026716    2019021220190214826600000004300105300100000070308081421300000000000043000000142000000593939    4                       1         
G0793003000026716    2019021220190214826000000004100105300100000070626081624200000000000041000000142000000603939    4                       1         
G0793003000026716    2019021220190214826000000004100105300100000070519081755700000000000041000000142000000613939    4                       1         
G0793003000026716    2019021220190214826000000001300105300100000070300081593400000000000013000000142000000623939    4                       1         
G0793003000026716    2019021220190214826300000009600105300100000060439002589100000000000096000000142000000633738    4                       1         
G0793003000026716    2019021220190214826200000001100105300100000061202002656300000000000011000000142000000643738    4                       1         
G0793003000026716    2019021220190214826600000003350105300100000070221020268700000000000033500000142000000651829    4                       1         
G0793003000026716    2019021220190214826200000004150105300100000070369020278900000000000041500000142000000661829    4                       1         
G0793003000026716    2019021220190214826100000005400105300100000070401020281000000000000054000000142000000671829    4                       1         
G0793003000026716    2019021220190214826600000003900105300100000060059002564800000000000039000000142000000683738    4                       1         
G0793003000026716    2019021220190214826600000003850105300100000061174002653800000000000038500000142000000693738    4                       1         
G0793003000026716    2019021220190214826600000004200105300100000070837035689000000000000042000000142000000701829    4                       1         
G0793003000026716    2019021220190214826100000004150105300100000070080020259500000000000041500000142000000711829    4                       1         
G0793003000026716    2019021220190214826600000007500105300100000000030006637300000000000075000000142000000723863    4                       1         
G0793003000026716    2019021220190214826100000042000105300100000070438035660600000000000420000000142000000731829    4                       1         
G0793003000026716    2019021220190214826600000003100105300100000000030006709100000000000031000000142000000743863    4                       1         
G0793003000026716    2019021220190214826900000004900105300100000070893035692300000000000049000000142000000751829    4                       1         
G0793003000026716    2019021220190214826300000004200105300000000001455010236100000000000042000000142000000761829    4                       1         
G0793003000026716    2019021220190214826200000011700105320190214001158010460300100000000117000000142000000771829    4                       1         
G0793003000026716    2019021220190214826200000004400105320190214000651010426500100000000044000000142000000781829    4                       1         
G0793003000026716    2019021220190214826500000003000105320190204070367035731500100000000030000000142000000791829    4                       1         
G0793003000026716    2019021220190214826600000006100105320190205001350006792100100000000061000000142000000803863    4                       1         
G0793003000026716    2019021220190214826500000004150105320190204070878035769200100000000041500000142000000811829    4                       1         
G0793003000026716    2019021220190214826400000004800105320190205004610006821800100000000048000000142000000823863    4                       1         
G0793003000026716    2019021220190214826400000004800105320190205001940006797200100000000048000000142000000833863    4                       1         
G0793003000026716    2019021220190214826300000004050105320190204070235035721100100000000040500000142000000841829    4                       1         
G0793003000026716    2019021220190214826200000014950105320190204070528035743600100000000149500000142000000851829    4                       1         
G0793003000026716    2019021220190214826200000008400105320190204070893035769800100000000084000000142000000861829    4                       1         
G0793003000026716    2019021220190214826400000004150105320190204070408035734300100000000041500000142000000871829    4                       1         
G0793003000026716    2019021220190214826100000004150105320190204070364035731200100000000041500000142000000881829    4                       1         
G0793003000026716    2019021220190214826200000007800105320190205000510006784300100000000078000000142000000893863    4                       1         
G0793003000026716    2019021220190214826900000009300105320190205002160006799100100000000093000000142000000903863    4                       1         
G0793003000026716    2019021220190214826600000004950105320190205001460006793200100000000049500000142000000913863    4                       1         
G0793003000026716    2019021220190214826600000022650105320190115000407018033500100000000226500000142000000921141    4                       1         
G0793003000026716    2019021220190214826200000004200105320190214000372010407200100000000042000000142000000931829    4                       1         
G0793003000026716    2019021220190214826200000004200105320190214000096010388100100000000042000000142000000941829    4                       1         
G0793003000026716    2019021220190214826000000004200105320190214000030010383400100000000042000000142000000951829    4                       1         
G0793003000026716    2019021220190214826300000004900105320190114000498010292200100000000049000000142000000961829    4                       1         
G0793003000026716    2019021220190214826300000004400105320190214000341010405500100000000044000000142000000971829    4                       1         
G0793003000026716    2019021220190214826200000004200105320181213000472010163800100000000042000000142000000981829    4                       1         
G0793003000026716    2019021220190214826100000006700105320190114000547010295500100000000067000000142000000991829    4                       1         
G0793003000026716    2019021220190214826100000004200105320190114000351010283000100000000042000000142000001001829    4                       1         
G0793003000026716    2019021220190214826200000003100105320190105002010006727200100000000031000000142000001013863    4                       1         
G0793003000026716    2019021220190214826100000005800105320190205002210006799600100000000058000000142000001023863    4                       1         
G0793003000026716    2019021220190214826000000020450105320190114001363010350300100000000204500000142000001031829    4                       1         
G0793003000026716    2019021220190214826000000004260105320190215000211018078400100000000042600000142000001041141    4                       1         
G0793003000026716    2019021220190214826800000006600105320190214000345010405700100000000066000000142000001051829    4                       1         
G0793003000026716    2019021220190214826400000005700105320190204070119035713600100000000057000000142000001061829    4                       1         
G0793003000026716    2019021220190214826300000004352105320190215000239018080400100000000043520000142000001071141    4                       1         
G0793003000026716    2019021220190214826900000005950105320190115000071018005900100000000059500000142000001081141    4                       1         
G0793003000026716    2019021220190214826300000004271105320190215000407018093800100000000042710000142000001091141    4                       1         
G0793003000026716    2019021220190214826700000005500105320190114000472010290600100000000055000000142000001101829    4                       1         
G0793003000026716    2019021220190214826700000004200105320190214001705010494900100000000042000000142000001111829    4                       1         
G0793003000026716    2019021220190214826200000004200105320190115000515018042300100000000042000000142000001121141    4                       1         
G0793003000026716    2019021220190214826700000003200105320190205001950006797300100000000032000000142000001133863    4                       1         
G0793003000026716    2019021220190214826000000005900105320190204070665035753200100000000059000000142000001141829    4                       1         
G0793003000026716    2019021220190214826000000001250105320190204070038035708700100000000012500000142000001151829    4                       1         
G0793003000026716    2019021220190214826300000003200105320190205005974006847600100000000032000000142000001163863    4                       1         
G0793003000026716    2019021220190214826300000003200105320190205005885006844200100000000032000000142000001173863    4                       1         
G0793003000026716    2019021220190214826500000004150105320190204070105035713300100000000041500000142000001181829    4                       1         
G0793003000026716    2019021220190214826200000004235105320190215000039018064200100000000042350000142000001191141    4                       1         
G0793003000026716    2019021220190214826300000004200105320190115000193018016300100000000042000000142000001201141    4                       1         
G0793003000026716    2019021220190214826900000003650105320190204070618035749800100000000036500000142000001211829    4                       1         
G0793003000026716    2019021220190214826700000001250105320190204070070035711100100000000012500000142000001221829    4                       1         
G0793003000026716    2019021220190214826800000004200105320190103070665035676100100000000042000000142000001231829    4                       1         
G0793003000026716    2019021220190214826400000004260105320190215000548018105700100000000042600000142000001241141    4                       1         
G0793003000026716    2019021220190214826200000004200105320190115000454018037300100000000042000000142000001251141    4                       1         
G0793003000026716    2019021220190214826500000004400105320190201002073000682900100000000044000000142000001261141    4                       1         
G0793003000026716    2019021220190214826900000013500105320190214000093010387800100000000135000000142000001271829    4                       1         
G0793003000026716    2019021220190214826200000011050105320190214001624010490100100000000110500000142000001281829    4                       1         
G0793003000026716    2019021220190214826400000004300105320190214001210010463300100000000043000000142000001291829    4                       1         
G0793003000026716    2019021220190214826400000004300105320190214000226010397500100000000043000000142000001301829    4                       1         
G0793003000026716    2019021220190214826200000004550105320190214000222010397200100000000045500000142000001311829    4                       1         
G0793003000026716    2019021220190214826300000004350105320190214000741010433600100000000043500000142000001321829    4                       1         
G0793003000026716    2019021220190214826900000008950105320190114000254010276100100000000089500000142000001331829    4                       1         
G0793003000026716    2019021220190214826300000078600105320190114001595010365600100000000786000000142000001341829    4                       1         
G0793003000026716    2019021220190214826300000014650105320190214001088010456000100000000146500000142000001351829    4                       1         
G0793003000026716    2019021220190214826100000006600105320190214001695010493900100000000066000000142000001361829    4                       1         
G0793003000026716    2019021220190214826100000004300105320190214000795010438300100000000043000000142000001371829    4                       1         
G0793003000026716    2019021220190214826500000004350105320190103001758000490200100000000043500000142000001381141    4                       1         
G0793003000026716    2019021220190214826600000004900105320190103001941000503500100000000049000000142000001391141    4                       1         
G0793003000026716    2019021220190214826000000010250105320190103001031000439000100000000102500000142000001401141    4                       1         
G0793003000026716    2019021220190214826000000008100105320190201001652000653200100000000081000000142000001411141    4                       1         
G0793003000026716    2019021220190214826000000008050105320190201001843000666900100000000080500000142000001421141    4                       1         
G0793003000026716    2019021220190214826000000007650105320190201002188000691700100000000076500000142000001431141    4                       1         
G0793003000026716    2019021220190214826000000004300105320190201001739000659100100000000043000000142000001441141    4                       1         
G0793003000026716    2019021220190214826000000004300105320190201001456000639400100000000043000000142000001451141    4                       1         
G0793003000026716    2019021220190214826300000004300105320190114000692010306400100000000043000000142000001461829    4                       1         
G0793003000026716    2019021220190214826500000004200105320190201000711000585500100000000042000000142000001471141    4                       1         
G0793003000026716    2019021220190214826000000013900105320190114000646010302800100000000139000000142000001481829    4                       1         
G0793003000026716    2019021220190214826900000004200105320190114001662010369500100000000042000000142000001491829    4                       1         
G0793003000026716    2019021220190214826000000004200105320190115000688018057500100000000042000000142000001501141    4                       1         
G0793003000026716    2019021220190214826700000004200105320190114001261010343900100000000042000000142000001511829    4                       1         
G0793003000026716    2019021220190214826100000003450105320190205002010006797700100000000034500000142000001523863    4                       1         
G0793003000026716    2019021220190214826400000004950105320190105001460006722600100000000049500000142000001533863    4                       1         
G0793003000026716    2019021220190214826700000011100105320190214001337010471400100000000111000000142000001541829    4                       1         
G0793003000026716    2019021220190214826200000009000105320190204070578035746900100000000090000000142000001551829    4                       1         
G0793003000026716    2019021220190214826300000004150105320190204070056035710000100000000041500000142000001561829    4                       1         
G0793003000026716    2019021220190214826900000004384105320190215000157018073500100000000043840000142000001571141    4                       1         
G0793003000026716    2019021220190214826700000010850105320190214000471010413500100000000108500000142000001581829    4                       1         
G0793003000026716    2019021220190214826700000008450105320190214000472010502000100000000084500000142000001591829    4                       1         
G0793003000026716    2019021220190214826700000006800105320190214000569010420200100000000068000000142000001601829    4                       1         
G0793003000026716    2019021220190214826600000004200105320190114001650010368900100000000042000000142000001611829    4                       1         
G0793003000026716    2019021220190214826500000008850105320190214000596010422300100000000088500000142000001621829    4                       1         
G0793003000026716    2019021220190214826600000008450105320190214000148010391900100000000084500000142000001631829    4                       1         
G0793003000026716    2019021220190214826000000005950105320190114001006010381400100000000059500000142000001641829    4                       1         
G0793003000026716    2019021220190214826000000004200105320190214001616010489500100000000042000000142000001651829    4                       1         
G0793003000026716    2019021220190214826000000001250105320190204070719035758000100000000012500000142000001661829    4                       1         
G0793003000026716    2019021220190214826900000012100105320190204070234035721000100000000121000000142000001671829    4                       1         
G0793003000026716    2019021220190214826100000010100105320190204060548002598200100000000101000000142000001683738    4                       1         
G0793003000026716    2019021220190214826300000005650105320190201001142000618600100000000056500000142000001691141    4                       1         
G0793003000026716    2019021220190214826000000004200105320190214001169010460700100000000042000000142000001701829    4                       1         
G0793003000026716    2019021220190214826500000004200105320190214000941010447700100000000042000000142000001711829    4                       1         
G0793003000026716    2019021220190214826000000004200105320190114001386010352200100000000042000000142000001721829    4                       1         
G0793003000026716    2019021220190214826800000008600105320190115000030018002500100000000086000000142000001731141    4                       1         
G0793003000026716    2019021220190214826400000004260105320190215000246018080900100000000042600000142000001741141    4                       1         
G0793003000026716    2019021220190214826200000004400105320190201001397000635500100000000044000000142000001751141    4                       1         
G0793003000026716    2019021220190214826000000010850105320190215000199018077400100000000108500000142000001764065    4                       1         
G0793003000026716    2019021220190214826900000011100105320190121000022014178400100000000111000000142000001774065    4                       1         
G0793003000026716    2019021220190214826800000011350105320190103001010000437300100000000113500000142000001784065    4                       1         
G0793003000026716    2019021220190214826400000010850105320190115000199018016900100000000108500000142000001794065    4                       1         
G0793003000026716    2019021220190214826500000010700105320190204000296002567500100000000107000000142000001804065    4                       1         
G0793003000026716    2019021220190214826400000004230105320190225000169024016200100000000042300000142000001811737    4                       1         
G0793003000026716    2019021220190214826700000004260105320190215000527018103900100000000042600000142000001821141    4                       1         
G0793003000026716    2019021220190214826400000004200105320190115000450018036900100000000042000000142000001831141    4                       1         
G0793003000026716    2019021220190214826800000004200105320190115000587018048800100000000042000000142000001841141    4                       1         
G0793003000026716    2019021220190214826700000004200105320190115000358018029400100000000042000000142000001851141    4                       1         
G0793003000026716    2019021220190214826800000004345105320190215000511018102300100000000043450000142000001861141    4                       1         
G0793003000026716    2019021220190214826800000004200105320190115000548018045400100000000042000000142000001871141    4                       1         
G0793003000026716    2019021220190214826000000004345105320190215000032018063500100000000043450000142000001881141    4                       1         
G0793003000026716    2019021220190214826500000006550105320190115000263018021600100000000065500000142000001891141    4                       1         
G0793003000026716    2019021220190214826600000005996105320190215000071018066600100000000059960000142000001901141    4                       1         
G0793003000026716    2019021220190214826300000003100105320190205005260006827500100000000031000000142000001910793    4                       1         
G0793003000026716    2019021220190214826400000003850105320181107000138000013400100000000038500000142000001924481    4                       1         
G0793003000026716    2019021220190214826400000003850105320181107000289000028400100000000038500000142000001934481    4                       1         
G0793003000026716    2019021220190214826000000004230105320190225000032024002900100000000042300000142000001941737    4                       1         
G0793003000026716    2019021220190214826000000004260105320190215000448018097000100000000042600000142000001951141    4                       1         
G0793003000026716    2019021220190214826000000004260105320190215000435018095800100000000042600000142000001961141    4                       1         
G0793003000026716    2019021220190214826000000004260105320190215000064018066000100000000042600000142000001971141    4                       1         
G0793003000026716    2019021220190214826300000018700105320190204000075002554400100000000187000000142000001981116    4                       1         
G0793003000026716    2019021220190214826300000011600105320190204000752002593800100000000116000000142000001991116    4                       1         
G0793003000026716    2019021220190214826300000007800105320190204000725002591900100000000078000000142000002001116    4                       1         
G0793003000026716    2019021220190214826300000004250105320190204000569002582500100000000042500000142000002011116    4                       1         
G0793003000026716    2019021220190214826200000004150105320190204000168002559800100000000041500000142000002021116    4                       1         
G0793003000026716    2019021220190214826100000005900105320190204000387002571800100000000059000000142000002031116    4                       1         
G0793003000026716    2019021220190214826100000004850105320190204000234002564200100000000048500000142000002041116    4                       1         
G0793003000026716    2019021220190214826100000004150105320190204000240002564600100000000041500000142000002051116    4                       1         
G0793003000026716    2019021220190214826600000004250105320190204000220002563100100000000042500000142000002061116    4                       1         
G0793003000026716    2019021220190214826000000014450105320190204000767002594800100000000144500000142000002071116    4                       1         
G0793003000026716    2019021220190214826500000004150105320190204000715002591100100000000041500000142000002081116    4                       1         
G0793003000026716    2019021220190214826500000004150105320190103000654002539100100000000041500000142000002091116    4                       1         
G0793003000026716    2019021220190214826400000004150105320190204000271002566000100000000041500000142000002101116    4                       1         
G0793003000026716    2019021220190214826300000001377105320190221000844014338600100000000013770000142000002113089    4                       1         
G0793003000026716    2019021220190214826200000006100105320190121000617014232000100000000061000000142000002123089    4                       1         
G0793003000026716    2019021220190214826300000005392105320190225000279024027000100000000053920000142000002131737    4                       1         
G0793003000026716    2019021220190214826200000004693105320190221000408014300800100000000046930000142000002143089    4                       1         
G0793003000026716    2019021220190214826200000004318105320190221000899014342400100000000043180000142000002153089    4                       1         
G0793003000026716    2019021220190214826900000006650105320190121000812014249500100000000066500000142000002163089    4                       1         
G0793003000026716    2019021220190214826400000001300105320190121000690014239000100000000013000000142000002173089    4                       1         
G0793003000026716    2019021220190214826400000001300105320190121000452014217200100000000013000000142000002183089    4                       1         
G0793003000026716    2019021220190214826300000038299105320190221000568014315500100000000382990000142000002193089    4                       1         
G0793003000026716    2019021220190214826300000009350105320190121000899014256000100000000093500000142000002203089    4                       1         
G0793003000026716    2019021220190214826300000006846105320190221000286014289900100000000068460000142000002213089    4                       1         
G0793003000026716    2019021220190214826300000004880105320190221000241014285900100000000048800000142000002223089    4                       1         
G0793003000026716    2019021220190214826300000004382105320190221000350014295800100000000043820000142000002233089    4                       1         
G0793003000026716    2019021220190214826300000004300105320190121000102014186000100000000043000000142000002243089    4                       1         
G0793003000026716    2019021220190214826500000004200105320190121000379014210700100000000042000000142000002253089    4                       1         
G0793003000026716    2019021220190214826300000004320105320190221000086014272000100000000043200000142000002263089    4                       1         
G0793003000026716    2019021220190214826300000004300105320190121000689014238900100000000043000000142000002273089    4                       1         
G0793003000026716    2019021220190214826800000004200105320181221000011014089100100000000042000000142000002283089    4                       1         
G0793003000026716    2019021220190214826300000004287105320190221000514014310800100000000042870000142000002293089    4                       1         
G0793003000026716    2019021220190214826600000004200105320190201001800000663700100000000042000000142000002301141    4                       1         
G0793003000026716    2019021220190214826200000002400105320190121000866014253400100000000024000000142000002313089    4                       1         
G0793003000026716    2019021220190214826100000012950105320190121000310014204200100000000129500000142000002323089    4                       1         
G0793003000026716    2019021220190214826100000006068105320190221000292014290500100000000060680000142000002333089    4                       1         
G0793003000026716    2019021220190214826100000004408105320190221000416014301600100000000044080000142000002343089    4                       1         
G0793003000026716    2019021220190214826100000004320105320190221000573014316000100000000043200000142000002353089    4                       1         
G0793003000026716    2019021220190214826100000004320105320190221000212014283300100000000043200000142000002363089    4                       1         
G0793003000026716    2019021220190214826100000004290105320190221000546014313600100000000042900000142000002373089    4                       1         
G0793003000026716    2019021220190214826000000018100105320190121000003014176800100000000181000000142000002383089    4                       1         
G0793003000026716    2019021220190214826900000004397105320190221000692014326200100000000043970000142000002393089    4                       1         
G0793003000026716    2019021220190214826900000004320105320190221000023014265900100000000043200000142000002403089    4                       1         
G0793003000026716    2019021220190214826500000004200105320181221000637014148400100000000042000000142000002413089    4                       1         
G0793003000026716    2019021220190214826900000001384105320190221000017014265300100000000013840000142000002423089    4                       1         
G0793003000026716    2019021220190214826900000001380105320190221000452014305200100000000013800000142000002433089    4                       1         
G0793003000026716    2019021220190214826500000001320105320190221000599014318000100000000013200000142000002443089    4                       1         
G0793003000026716    2019021220190214826400000004435105320190221000485014308300100000000044350000142000002453089    4                       1         
G0793003000026716    2019021220190214826400000004422105320190221000217014283700100000000044220000142000002463089    4                       1         
G0793003000026716    2019021220190214826400000004320105320190221000591014317200100000000043200000142000002473089    4                       1         
G0793003000026716    2019021220190214826400000004320105320190221000089014272300100000000043200000142000002483089    4                       1         
G0793003000026716    2019021220190214826400000004320105320190221000049014268500100000000043200000142000002493089    4                       1         
G0793003000026716    2019021220190214826400000004313105320190221000137014276600100000000043130000142000002503089    4                       1         
G0793003000026716    2019021220190214826400000004300105320190121000376014210400100000000043000000142000002513089    4                       1         
G0793003000026716    2019021220190214826700000005850105320190121000757014244700100000000058500000142000002523089    4                       1         
G0793003000026716    2019021220190214826700000004863105320190221000105014273700100000000048630000142000002533089    4                       1         
G0793003000026716    2019021220190214826700000004300105320190121000582014229200100000000043000000142000002543089    4                       1         
G0793003000026716    2019021220190214826700000001310105320190221000826014337100100000000013100000142000002553089    4                       1         
G0793003000026716    2019021220190214826800000004326105320190221000501014309600100000000043260000142000002563089    4                       1         
G0793003000026716    2019021220190214826800000004320105320190221000227014284500100000000043200000142000002573089    4                       1         
G0793003000026716    2019021220190214826600000003761105320190221000529014312100100000000037610000142000002583089    4                       1         
G0793003000026716    2019021220190214826600000001424105320190221000480014307900100000000014240000142000002593089    4                       1         
G0793003000026716    2019021220190214826600000001360105320190221000382014298700100000000013600000142000002603089    4                       1         
G0793003000026716    2019021220190214826500000009648105320190221000853014339200100000000096480000142000002613089    4                       1         
G0793003000026716    2019021220190214826500000005847105320190221000218014283800100000000058470000142000002623089    4                       1         
G0793003000026716    2019021220190214826500000004450105320190121000260014199900100000000044500000142000002633089    4                       1         
G0793003000026716    2019021220190214826500000004445105320190221000793014334400100000000044450000142000002643089    4                       1         
G0793003000026716    2019021220190214826500000004350105320190121000011014177400100000000043500000142000002653089    4                       1         
G0793003000026716    2019021220190214826600000004444105320190221000582014316700100000000044440000142000002663089    4                       1         
G0793003000026716    2019021220190214826600000004350105320190121000908014256800100000000043500000142000002673089    4                       1         
G0793003000026716    2019021220190214826600000004320105320190221000281014289500100000000043200000142000002683089    4                       1         
G0793003000026716    2019021220190214826300000004200105320190201001279000627700100000000042000000142000002691141    4                       1         
G0793003000026716    2019021220190214826200000017800105320190201000492000567800100000000178000000142000002701141    4                       1         
G0793003000026716    2019021220190214826200000013000105320190201000329000554400100000000130000000142000002711141    4                       1         
G0793003000026716    2019021220190214826200000008750105320190103001420000466100100000000087500000142000002721141    4                       1         
G0793003000026716    2019021220190214826800000004247105320190225070046020284300100000000042470000142000002731829    4                       1         
G0793003000026716    2019021220190214826500000004241105320190225070087020287100100000000042410000142000002741829    4                       1         
G0793003000026716    2019021220190214826500000004320105320190221000575014316200100000000043200000142000002753089    4                       1         
G0793003000026716    2019021220190214826000000006100105320190121000676014237700100000000061000000142000002763089    4                       1         
G0793003000026716    2019021220190214826000000004305105320190221000375014298100100000000043050000142000002773089    4                       1         
G0793003000026716    2019021220190214826000000004300105320190121000097014185500100000000043000000142000002783089    4                       1         
G0793003000026716    2019021220190214826800000007908105320190215000152022085700100000000079080000142000002793738    4                       1         
G0793003000026716    2019021220190214826000000004260105320190221000379014298500100000000042600000142000002803089    4                       1         
G0793003000026716    2019021220190214826200000012298105320190225070048020284500100000000122980000142000002811829    4                       1         
G0793003000026716    2019021220190214826900000004841105320190215000400022108200100000000048410000142000002823738    4                       1         
G0793003000026716    2019021220190214826300000004260105320190215000789022140600100000000042600000142000002833738    4                       1         
G0793003000026716    2019021220190214826400000004150105320190124070224020269000100000000041500000142000002841829    4                       1         
G0793003000026716    2019021220190214826300000004226105320190225070198020294000100000000042260000142000002851829    4                       1         
G0793003000026716    2019021220190214826200000004181105320190225070155020291400100000000041810000142000002861829    4                       1         
G0793003000026716    2019021220190214826200000004260105320190215000601022125900100000000042600000142000002873738    4                       1         
G0793003000026716    2019021220190214826100000004200105320190115000147022013000100000000042000000142000002883738    4                       1         
G0793003000026716    2019021220190214826900000004260105320190215000356022104200100000000042600000142000002893738    4                       1         
G0793003000026716    2019021220190214826200000004260105320190215000455022113000100000000042600000142000002903738    4                       1         
G0793003000026716    2019021220190214826800000004228105320190225070147020290900100000000042280000142000002911829    4                       1         
G0793003000026716    2019021220190214826700000004050105320190124070146020263900100000000040500000142000002921829    4                       1         
G0793003000026716    2019021220190214826200000006600105320190103001282000456800100000000066000000142000002931141    4                       1         
G0793003000026716    2019021220190214826800000004150105320181224070224020241800100000000041500000142000002941829    4                       1         
G0793003000026716    2019021220190214826700000004260105320190215000679022132100100000000042600000142000002953738    4                       1         
G0793003000026716    2019021220190214826600000004268105320190225070144020290700100000000042680000142000002961829    4                       1         
G0793003000026716    2019021220190214826600000001452105320190225070384020306400100000000014520000142000002971829    4                       1         
G0793003000026716    2019021220190214826500000004200105320190115000483022043100100000000042000000142000002983738    4                       1         
G0793003000026716    2019021220190214826500000004260105320190215000059022077500100000000042600000142000002993738    4                       1         
G0793003000026716    2019021220190214826700000004260105320190215000641022129100100000000042600000142000003003738    4                       1         
G0793003000026716    2019021220190214826100000004260105320190215000556022121900100000000042600000142000003013738    4                       1         
G0793003000026716    2019021220190214826700000004260105320190215000491022115900100000000042600000142000003023738    4                       1         
G0793003000026716    2019021220190214826600000004260105320190215000181022088400100000000042600000142000003033738    4                       1         
G0793003000026716    2019021220190214826400000004200105320190115000762022066800100000000042000000142000003043738    4                       1         
G0793003000026716    2019021220190214826200000004350105320190103002089000513400100000000043500000142000003051141    4                       1         
G0793003000026716    2019021220190214826200000004300105320190201000672000582600100000000043000000142000003061141    4                       1         
G0793003000026716    2019021220190214826300000007300105320190103001843000496500100000000073000000142000003071141    4                       1         
G0793003000026716    2019021220190214826300000007100105320190201000883000599600100000000071000000142000003081141    4                       1         
G0793003000026716    2019021220190214826300000004350105320190201001048000611500100000000043500000142000003091141    4                       1         
G0793003000026716    2019021220190214826300000004350105320190201000469000565900100000000043500000142000003101141    4                       1         
G0793003000026716    2019021220190214826300000004350105320190103001950000504300100000000043500000142000003111141    4                       1         
G0793003000026716    2019021220190214826300000004300105320190201000798000592900100000000043000000142000003121141    4                       1         
G0793003000026716    2019021220190214826300000004300105320190103001958000504900100000000043000000142000003131141    4                       1         
G0793003000026716    2019021220190214826300000004200105320190201001835000666200100000000042000000142000003141141    4                       1         
G0793003000026716    2019021220190214826900000004400105320190201001858000667800100000000044000000142000003151141    4                       1         
G0793003000026716    2019021220190214826100000004950105320190201001452000639200100000000049500000142000003161141    4                       1         
G0793003000026716    2019021220190214826100000004350105320190201001758000660600100000000043500000142000003171141    4                       1         
G0793003000026716    2019021220190214826100000004300105320190201001016000609300100000000043000000142000003181141    4                       1         
G0793003000026716    2019021220190214826100000004300105320190103001732000488200100000000043000000142000003191141    4                       1         
G0793003000026716    2019021220190214826900000004200105320190201001341000631800100000000042000000142000003201141    4                       1         
G0793003000026716    2019021220190214826900000004350105320190103001861000497800100000000043500000142000003211141    4                       1         
G0793003000026716    2019021220190214826900000004300105320190201002145000688200100000000043000000142000003221141    4                       1         
G0793003000026716    2019021220190214826900000004200105320190201000722000586600100000000042000000142000003231141    4                       1         
G0793003000026716    2019021220190214826900000004200105320190103001993000507400100000000042000000142000003241141    4                       1         
G0793003000026716    2019021220190214826500000004200105320190103001050000524500100000000042000000142000003251141    4                       1         
G0793003000026716    2019021220190214826800000012750105320190201000357000556900100000000127500000142000003261141    4                       1         
G0793003000026716    2019021220190214826800000006100105320190201001861000668000100000000061000000142000003271141    4                       1         
G0793003000026716    2019021220190214826800000004350105320190201001950000674300100000000043500000142000003281141    4                       1         
G0793003000026716    2019021220190214826400000008850105320190201000179000542600100000000088500000142000003291141    4                       1         
G0793003000026716    2019021220190214826400000006700105320190103000732000416500100000000067000000142000003301141    4                       1         
G0793003000026716    2019021220190214826400000004300105320190201001434000638100100000000043000000142000003311141    4                       1         
G0793003000026716    2019021220190214826800000004350105320190103001231000453600100000000043500000142000003321141    4                       1         
G0793003000026716    2019021220190214826700000006700105320190201001918000672100100000000067000000142000003331141    4                       1         
G0793003000026716    2019021220190214826700000006550105320190103001341000460700100000000065500000142000003341141    4                       1         
G0793003000026716    2019021220190214826700000004800105320190103001652000482700100000000048000000142000003351141    4                       1         
G0793003000026716    2019021220190214826700000004400105320190201000779000591400100000000044000000142000003361141    4                       1         
G0793003000026716    2019021220190214826700000004350105320190201001231000624900100000000043500000142000003371141    4                       1         
G0793003000026716    2019021220190214826800000004300105320190201000097000537000100000000043000000142000003381141    4                       1         
G0793003000026716    2019021220190214826700000009750105320190103001728000487900100000000097500000142000003391141    4                       1         
G0793003000026716    2019021220190214826700000006750105320190103002188000521200100000000067500000142000003401141    4                       1         
G0793003000026716    2019021220190214826600000004200105320190201001282000627800100000000042000000142000003411141    4                       1         
G0793003000026716    2019021220190214826600000004200105320190103001048000440300100000000042000000142000003421141    4                       1         
G0793003000026716    2019021220190214826500000006000105320190201000035000532500100000000060000000142000003431141    4                       1         
G0793003000026716    2019021220190214826500000005550105320190201000107000537700100000000055500000142000003441141    4                       1         
G0793003000026716    2019021220190214826500000004800105320190201001728000658300100000000048000000142000003451141    4                       1         
Z00034700000000002016482                                                                                                                              
