A2201053              HIDROFORTETOCANTINS 104CAIXA ECON. FEDERAL 2019021400155203                                                                     
G0793003000026716    2019021320190215826900000004050105300100000070279020272400000000000040500000142000000011829    4                       1         
G0793003000026716    2019021320190215826500000003750105300100000060029002563800000000000037500000142000000023738    4                       1         
G0793003000026716    2019021320190215826600000003800105300100000060322002579100000000000038000000142000000033738    4                       1         
G0793003000026716    2019021320190215826000000003800105300100000061050002643300000000000038000000142000000043738    4                       1         
G0793003000026716    2019021320190215826400000006550105300100000070867035691100000000000065500000142000000051829    4                       1         
G0793003000026716    2019021320190215826400000004100105300100000070162035561500000000000041000000142000000061829    4                       1         
G0793003000026716    2019021320190215826400000003750105300100000060631002605400000000000037500000142000000073738    4                       1         
G0793003000026716    2019021320190215826400000001100105300100000060202002569100000000000011000000142000000083738    4                       1         
G0793003000026716    2019021320190215826000000006300105300100000060454002590500000000000063000000142000000093738    4                       1         
G0793003000026716    2019021320190215826100000004850105300100000002650006733100000000000048500000142000000103863    4                       1         
G0793003000026716    2019021320190215826600000003350105300100000000400006712300000000000033500000142000000113863    4                       1         
G0793003000026716    2019021320190215826500000007400105300100000006011006778800000000000074000000142000000123863    4                       1         
G0793003000026716    2019021320190215826700000004100105300100000070291020273600000000000041000000142000000131829    4                       1         
G0793003000026716    2019021320190215826800000004300105300100000070084020259900000000000043000000142000000141829    4                       1         
G0793003000026716    2019021320190215826100000004350105300100000070409020281700000000000043500000142000000151829    4                       1         
G0793003000026716    2019021320190215826300000004050105300100000070141020263500000000000040500000142000000161829    4                       1         
G0793003000026716    2019021320190215826100000003800105300100000060754002616900000000000038000000142000000173738    4                       1         
G0793003000026716    2019021320190215826000000003400105300100000005565006762500000000000034000000142000000183863    4                       1         
G0793003000026716    2019021320190215826000000003850105300100000060902002630100000000000038500000142000000193738    4                       1         
G0793003000026716    2019021320190215826100000010700105300100000061288002662500000000000107000000142000000203738    4                       1         
G0793003000026716    2019021320190215826300000005600105300100000071987080711000000000000056000000142000000213939    4                       1         
G0793003000026716    2019021320190215826800000001800105300100000071762081731800000000000018000000142000000223939    4                       1         
G0793003000026716    2019021320190215826700000009250105300100000070727081634000000000000092500000142000000233939    4                       1         
G0793003000026716    2019021320190215826600000004100105300100000070801081641200000000000041000000142000000243939    4                       1         
G0793003000026716    2019021320190215826000000005600105300100000071987080885600000000000056000000142000000253939    4                       1         
G0793003000026716    2019021320190215826000000005300105300100000070789081640100000000000053000000142000000263939    4                       1         
G0793003000026716    2019021320190215826700000004200105300100000071220081680700000000000042000000142000000273939    4                       1         
G0793003000026716    2019021320190215826600000004900105300100000071910081746300000000000049000000142000000283939    4                       1         
G0793003000026716    2019021320190215826600000004150105300100000070213081587500000000000041500000142000000293939    4                       1         
G0793003000026716    2019021320190215826200000007550105300100000070707081632100000000000075500000142000000303939    4                       1         
G0793003000026716    2019021320190215826200000001250105300100000070907081651100000000000012500000142000000313939    4                       1         
G0793003000026716    2019021320190215826500000006450105300100000070801081468300000000000064500000142000000323939    4                       1         
G0793003000026716    2019021320190215826400000013350105300100000071397081698200000000000133500000142000000333939    4                       1         
G0793003000026716    2019021320190215826000000004100105300100000070501081582200000000000041000000142000000343939    4                       1         
G0793003000026716    2019021320190215826900000009050105300100000071265081685200000000000090500000142000000353939    4                       1         
G0793003000026716    2019021320190215826000000001300105300100000070893081649700000000000013000000142000000363939    4                       1         
G0793003000026716    2019021320190215826400000004150105300100000070833081644200000000000041500000142000000373939    4                       1         
G0793003000026716    2019021320190215826800000005350105300100000070390081602000000000000053500000142000000383939    4                       1         
G0793003000026716    2019021320190215826100000004200105300100000070689081630400000000000042000000142000000393939    4                       1         
G0793003000026716    2019021320190215826000000013950105300100000071879081743200000000000139500000142000000403939    4                       1         
G0793003000026716    2019021320190215826000000004750105300100000070516081613600000000000047500000142000000413939    4                       1         
G0793003000026716    2019021320190215826000000004150105300100000070407081603600000000000041500000142000000423939    4                       1         
G0793003000026716    2019021320190215826400000004230105320190225000465024045000100000000042300000142000000431737    4                       1         
G0793003000026716    2019021320190215826400000004230105320190225000068024006400100000000042300000142000000441737    4                       1         
G0793003000026716    2019021320190215826500000004100105320181205060892002418500100000000041000000142000000453738    4                       1         
G0793003000026716    2019021320190215826900000004230105320190225000730024070100100000000042300000142000000461737    4                       1         
G0793003000026716    2019021320190215826900000004230105320190225000621024060300100000000042300000142000000471737    4                       1         
G0793003000026716    2019021320190215826200000017350105320190201001932000672900100000000173500000142000000481141    4                       1         
G0793003000026716    2019021320190215826700000004450105320190201001867000668300100000000044500000142000000491141    4                       1         
G0793003000026716    2019021320190215826700000004350105320190201001881000669400100000000043500000142000000501141    4                       1         
G0793003000026716    2019021320190215826900000004230105320190225000173024016600100000000042300000142000000511737    4                       1         
G0793003000026716    2019021320190215826100000004230105320190225000678024066000100000000042300000142000000521737    4                       1         
G0793003000026716    2019021320190215826000000004230105320190225000563024054600100000000042300000142000000531737    4                       1         
G0793003000026716    2019021320190215826000000004230105320190225000542024052500100000000042300000142000000541737    4                       1         
G0793003000026716    2019021320190215826000000004230105320190225000360024035100100000000042300000142000000551737    4                       1         
G0793003000026716    2019021320190215826000000004230105320190225000003024000300100000000042300000142000000561737    4                       1         
G0793003000026716    2019021320190215826800000004230105320190225000507024049100100000000042300000142000000571737    4                       1         
G0793003000026716    2019021320190215826800000004230105320190225000189024018200100000000042300000142000000581737    4                       1         
G0793003000026716    2019021320190215826700000004200105320190214000171010393400100000000042000000142000000591829    4                       1         
G0793003000026716    2019021320190215826700000004200105320190114001278010344900100000000042000000142000000601829    4                       1         
G0793003000026716    2019021320190215826500000003750105320190204060952002634600100000000037500000142000000613738    4                       1         
G0793003000026716    2019021320190215826700000004200105320190114000100010265000100000000042000000142000000621829    4                       1         
G0793003000026716    2019021320190215826300000004200105320190214001280010467900100000000042000000142000000631829    4                       1         
G0793003000026716    2019021320190215826200000005950105320190114001736010374100100000000059500000142000000641829    4                       1         
G0793003000026716    2019021320190215826200000004150105320190204070043035709000100000000041500000142000000651829    4                       1         
G0793003000026716    2019021320190215826100000010100105320190214001122010457600100000000101000000142000000661829    4                       1         
G0793003000026716    2019021320190215826500000004800105320190114000808010316000100000000048000000142000000671829    4                       1         
G0793003000026716    2019021320190215826500000004350105320190114001304010346700100000000043500000142000000681829    4                       1         
G0793003000026716    2019021320190215826500000004300105320190214001361010473000100000000043000000142000000691829    4                       1         
G0793003000026716    2019021320190215826500000004200105320190214000308010403200100000000042000000142000000701829    4                       1         
G0793003000026716    2019021320190215826400000010850105320190114001266010344300100000000108500000142000000711829    4                       1         
G0793003000026716    2019021320190215826400000008600105320190114000691010306300100000000086000000142000000721829    4                       1         
G0793003000026716    2019021320190215826400000006850105320190214001771010499200100000000068500000142000000731829    4                       1         
G0793003000026716    2019021320190215826400000006550105320190214000638010425500100000000065500000142000000741829    4                       1         
G0793003000026716    2019021320190215826900000005550105320190214001639010490700100000000055500000142000000751829    4                       1         
G0793003000026716    2019021320190215826600000020450105320190214000691010429500100000000204500000142000000761829    4                       1         
G0793003000026716    2019021320190215826600000005200105320190214001627010490300100000000052000000142000000771829    4                       1         
G0793003000026716    2019021320190215826600000004900105320190214001079010455400100000000049000000142000000781829    4                       1         
G0793003000026716    2019021320190215826600000004300105320190214001448010479000100000000043000000142000000791829    4                       1         
G0793003000026716    2019021320190215826600000004200105320190214000718010431600100000000042000000142000000801829    4                       1         
G0793003000026716    2019021320190215826600000004200105320190214000413010409900100000000042000000142000000811829    4                       1         
G0793003000026716    2019021320190215826600000004200105320190114001606010366300100000000042000000142000000821829    4                       1         
G0793003000026716    2019021320190215826600000004200105320190114000785010314200100000000042000000142000000831829    4                       1         
G0793003000026716    2019021320190215826900000005000105320190214000129010390500100000000050000000142000000841829    4                       1         
G0793003000026716    2019021320190215826600000004050105320190204070101035713000100000000040500000142000000851829    4                       1         
G0793003000026716    2019021320190215826400000004350105320190214000833010441500100000000043500000142000000861829    4                       1         
G0793003000026716    2019021320190215826400000004200105320190114000900010322300100000000042000000142000000871829    4                       1         
G0793003000026716    2019021320190215826400000004200105320190114000299010279400100000000042000000142000000881829    4                       1         
G0793003000026716    2019021320190215826400000004200105320181114001541010113500100000000042000000142000000891829    4                       1         
G0793003000026716    2019021320190215826300000015300105320190214000461010413100100000000153000000142000000901829    4                       1         
G0793003000026716    2019021320190215826300000010600105320190214001209010463200100000000106000000142000000911829    4                       1         
G0793003000026716    2019021320190215826300000004300105320190214001521010483800100000000043000000142000000921829    4                       1         
G0793003000026716    2019021320190215826900000004200105320190114001376010351400100000000042000000142000000931829    4                       1         
G0793003000026716    2019021320190215826800000027950105320190114000802010315600100000000279500000142000000941829    4                       1         
G0793003000026716    2019021320190215826800000005950105320190214000097010388200100000000059500000142000000951829    4                       1         
G0793003000026716    2019021320190215826200000004350105320190201001005000608400100000000043500000142000000961141    4                       1         
G0793003000026716    2019021320190215826100000004300105320190214001376010474300100000000043000000142000000971829    4                       1         
G0793003000026716    2019021320190215826100000004200105320190114001612010366600100000000042000000142000000981829    4                       1         
G0793003000026716    2019021320190215826100000004200105320190114000412010380900100000000042000000142000000991829    4                       1         
G0793003000026716    2019021320190215826000000004200105320190201001553000646100100000000042000000142000001001141    4                       1         
G0793003000026716    2019021320190215826600000004150105320190104060952002527800100000000041500000142000001013738    4                       1         
G0793003000026716    2019021320190215826500000004200105320181002070162035409400100000000042000000142000001021829    4                       1         
G0793003000026716    2019021320190215826900000005150105320190205004240006818400100000000051500000142000001033863    4                       1         
G0793003000026716    2019021320190215826300000025200105320190204071049035781800100000000252000000142000001041829    4                       1         
G0793003000026716    2019021320190215826800000004150105320190204070705035756700100000000041500000142000001051829    4                       1         
G0793003000026716    2019021320190215826300000003200105320190205006011006850000100000000032000000142000001063863    4                       1         
G0793003000026716    2019021320190215826400000001250105320190204070897035770200100000000012500000142000001071829    4                       1         
G0793003000026716    2019021320190215826400000004700105320190205004660006822300100000000047000000142000001083863    4                       1         
G0793003000026716    2019021320190215826400000004700105320190205002660006803600100000000047000000142000001093863    4                       1         
G0793003000026716    2019021320190215826100000003200105320190205000400006783300100000000032000000142000001103863    4                       1         
G0793003000026716    2019021320190215826300000004050105320190204071038035780800100000000040500000142000001111829    4                       1         
G0793003000026716    2019021320190215826300000003100105320190205000691006786000100000000031000000142000001123863    4                       1         
G0793003000026716    2019021320190215826200000003200105320190205005929006845100100000000032000000142000001133863    4                       1         
G0793003000026716    2019021320190215826200000004100105320181101070162035486400100000000041000000142000001141829    4                       1         
G0793003000026716    2019021320190215826700000008400105320190103070724035681200100000000084000000142000001151829    4                       1         
G0793003000026716    2019021320190215826600000003100105320190205005795006842600100000000031000000142000001163863    4                       1         
G0793003000026716    2019021320190215826900000006600105320190205003450006811300100000000066000000142000001173863    4                       1         
G0793003000026716    2019021320190215826600000005300105320190205004190006818000100000000053000000142000001183863    4                       1         
G0793003000026716    2019021320190215826700000004150105320190204070934035773400100000000041500000142000001191829    4                       1         
G0793003000026716    2019021320190215826900000004300105320190214001708010495100100000000043000000142000001204065    4                       1         
G0793003000026716    2019021320190215826600000004850105320190205002650006803500100000000048500000142000001213863    4                       1         
G0793003000026716    2019021320190215826700000004150105320190204070597035748400100000000041500000142000001221829    4                       1         
G0793003000026716    2019021320190215826500000009400105320190205001710006795300100000000094000000142000001233863    4                       1         
G0793003000026716    2019021320190215826200000004150105320190204070636035751000100000000041500000142000001241829    4                       1         
G0793003000026716    2019021320190215826800000003100105320190205005565006833000100000000031000000142000001253863    4                       1         
G0793003000026716    2019021320190215826200000001250105320190204070555035745500100000000012500000142000001261829    4                       1         
G0793003000026716    2019021320190215826700000006100105320190205002076006798300100000000061000000142000001273863    4                       1         
G0793003000026716    2019021320190215826700000005550105320190103001875000498800100000000055500000142000001281141    4                       1         
G0793003000026716    2019021320190215826200000004300105320190201002217000693800100000000043000000142000001291141    4                       1         
G0793003000026716    2019021320190215826100000011700105320181203001067000270000100000000117000000142000001301141    4                       1         
G0793003000026716    2019021320190215826600000004300105320190204070662035753000100000000043000000142000001311829    4                       1         
G0793003000026716    2019021320190215826400000005700105320190204070477035739900100000000057000000142000001321829    4                       1         
G0793003000026716    2019021320190215826900000004185105320190225070333020303400100000000041850000142000001331829    4                       1         
G0793003000026716    2019021320190215826700000003850105320181206000312095543100100000000038500000142000001344481    4                       1         
G0793003000026716    2019021320190215826800000004260105320190215000266022096200100000000042600000142000001353738    4                       1         
G0793003000026716    2019021320190215826900000001367105320190225070299020300900100000000013670000142000001361829    4                       1         
G0793003000026716    2019021320190215826700000004227105320190225070348020304100100000000042270000142000001371829    4                       1         
G0793003000026716    2019021320190215826300000004767105320190225070279020299100100000000047670000142000001381829    4                       1         
G0793003000026716    2019021320190215826500000004248105320190225070278020299000100000000042480000142000001391829    4                       1         
G0793003000026716    2019021320190215826700000001435105320190225070072020286000100000000014350000142000001401829    4                       1         
G0793003000026716    2019021320190215826600000003850105320181107000474000046900100000000038500000142000001414481    4                       1         
G0793003000026716    2019021320190215826600000003850105320181107000303000029800100000000038500000142000001424481    4                       1         
G0793003000026716    2019021320190215826900000004287105320190221000631014320800100000000042870000142000001433089    4                       1         
G0793003000026716    2019021320190215826000000004050105320190204070745035760000100000000040500000142000001441829    4                       1         
G0793003000026716    2019021320190215826800000004300105320190201000193000543700100000000043000000142000001451141    4                       1         
G0793003000026716    2019021320190215826900000004200105320190103000500000397900100000000042000000142000001461141    4                       1         
G0793003000026716    2019021320190215826800000004300105320190201000500000568600100000000043000000142000001471141    4                       1         
G0793003000026716    2019021320190215826300000004947105320190221000479014307800100000000049470000142000001483089    4                       1         
G0793003000026716    2019021320190215826600000001397105320190221000900014342500100000000013970000142000001493089    4                       1         
G0793003000026716    2019021320190215826300000003200105320190205004990006825100100000000032000000142000001500793    4                       1         
G0793003000026716    2019021320190215826200000004230105320190225000104024010000100000000042300000142000001511737    4                       1         
G0793003000026716    2019021320190215826800000004230105320190225000128024012200100000000042300000142000001521737    4                       1         
G0793003000026716    2019021320190215826700000010498105320190225000755024072300100000000104980000142000001531737    4                       1         
G0793003000026716    2019021320190215826700000008460105320190225000468024045300100000000084600000142000001541737    4                       1         
G0793003000026716    2019021320190215826700000004230105320190225000724024069700100000000042300000142000001551737    4                       1         
G0793003000026716    2019021320190215826700000004230105320190225000063024006000100000000042300000142000001561737    4                       1         
G0793003000026716    2019021320190215826300000004230105320190225000584024056600100000000042300000142000001571737    4                       1         
G0793003000026716    2019021320190215826300000004230105320190225000462024044700100000000042300000142000001581737    4                       1         
G0793003000026716    2019021320190215826300000004230105320190225000320024031100100000000042300000142000001591737    4                       1         
G0793003000026716    2019021320190215826300000004230105320190225000074024007000100000000042300000142000001601737    4                       1         
G0793003000026716    2019021320190215826200000006554105320190225000734024070400100000000065540000142000001611737    4                       1         
G0793003000026716    2019021320190215826200000004230105320190225000548024053100100000000042300000142000001621737    4                       1         
G0793003000026716    2019021320190215826200000004230105320190225000163024015600100000000042300000142000001631737    4                       1         
G0793003000026716    2019021320190215826100000005973105320190225000490024047400100000000059730000142000001641737    4                       1         
G0793003000026716    2019021320190215826500000004230105320190225000508024049200100000000042300000142000001651737    4                       1         
G0793003000026716    2019021320190215826600000004230105320190225000673024065500100000000042300000142000001661737    4                       1         
G0793003000026716    2019021320190215826600000004230105320190225000310024030100100000000042300000142000001671737    4                       1         
G0793003000026716    2019021320190215826600000004230105320190225000247024023900100000000042300000142000001681737    4                       1         
G0793003000026716    2019021320190215826600000004230105320190225000216024020900100000000042300000142000001691737    4                       1         
G0793003000026716    2019021320190215826400000004230105320190225000647024062900100000000042300000142000001701737    4                       1         
G0793003000026716    2019021320190215826500000001700105320190121000808014249100100000000017000000142000001713089    4                       1         
G0793003000026716    2019021320190215826300000004260105320190215000139022084400100000000042600000142000001723738    4                       1         
G0793003000026716    2019021320190215826500000004251105320190225070269020298300100000000042510000142000001731829    4                       1         
G0793003000026716    2019021320190215826500000001300105320190121000822014250200100000000013000000142000001743089    4                       1         
G0793003000026716    2019021320190215826400000007197105320190221000119014275000100000000071970000142000001753089    4                       1         
G0793003000026716    2019021320190215826400000007160105320190221000278014289200100000000071600000142000001763089    4                       1         
G0793003000026716    2019021320190215826400000006584105320190221000596014317700100000000065840000142000001773089    4                       1         
G0793003000026716    2019021320190215826600000004115105320190225070266020298200100000000041150000142000001781829    4                       1         
G0793003000026716    2019021320190215826000000003200105320190205005979006848000100000000032000000142000001793863    4                       1         
G0793003000026716    2019021320190215826000000004260105320190215000277018083100100000000042600000142000001801141    4                       1         
G0793003000026716    2019021320190215826400000004260105320190215000602018110500100000000042600000142000001811141    4                       1         
G0793003000026716    2019021320190215826200000004414105320190215000726018120800100000000044140000142000001821141    4                       1         
G0793003000026716    2019021320190215826700000007373105320190215000526018103800100000000073730000142000001831141    4                       1         
G0793003000026716    2019021320190215826800000004200105320190115000496018040700100000000042000000142000001841141    4                       1         
G0793003000026716    2019021320190215826800000004200105320190115000031018002600100000000042000000142000001851141    4                       1         
G0793003000026716    2019021320190215826700000004260105320190215000215018078800100000000042600000142000001861141    4                       1         
G0793003000026716    2019021320190215826700000004200105320190115000437018035700100000000042000000142000001871141    4                       1         
G0793003000026716    2019021320190215826300000004260105320190215000341018088300100000000042600000142000001881141    4                       1         
G0793003000026716    2019021320190215826500000004260105320190215000496018101000100000000042600000142000001891141    4                       1         
G0793003000026716    2019021320190215826500000004348105320190215000598018110100100000000043480000142000001901141    4                       1         
G0793003000026716    2019021320190215826500000004260105320190215000052018065000100000000042600000142000001911141    4                       1         
G0793003000026716    2019021320190215826400000009350105320190115000541018044800100000000093500000142000001921141    4                       1         
G0793003000026716    2019021320190215826600000004260105320190215000653018115100100000000042600000142000001931141    4                       1         
G0793003000026716    2019021320190215826600000005350105320190115000543018045000100000000053500000142000001941141    4                       1         
G0793003000026716    2019021320190215826600000004260105320190215000521018103300100000000042600000142000001951141    4                       1         
G0793003000026716    2019021320190215826600000004200105320190115000166018013900100000000042000000142000001961141    4                       1         
G0793003000026716    2019021320190215826300000004272105320190215000540018105000100000000042720000142000001971141    4                       1         
G0793003000026716    2019021320190215826300000010857105320190215000116018070700100000000108570000142000001981141    4                       1         
G0793003000026716    2019021320190215826400000004200105320190115000345018028400100000000042000000142000001991141    4                       1         
G0793003000026716    2019021320190215826400000004200105320190115000614018051100100000000042000000142000002001141    4                       1         
G0793003000026716    2019021320190215826300000006550105320190115000024018001900100000000065500000142000002011141    4                       1         
G0793003000026716    2019021320190215826900000004260105320190215000166018074400100000000042600000142000002021141    4                       1         
G0793003000026716    2019021320190215826900000004260105320190215000107018069800100000000042600000142000002031141    4                       1         
G0793003000026716    2019021320190215826100000004200105320190115000467018038500100000000042000000142000002041141    4                       1         
G0793003000026716    2019021320190215826800000004150105320190204000409002573100100000000041500000142000002051116    4                       1         
G0793003000026716    2019021320190215826100000007250105320190204000060002553700100000000072500000142000002061116    4                       1         
G0793003000026716    2019021320190215826700000004913105320190221000147014277500100000000049130000142000002073089    4                       1         
G0793003000026716    2019021320190215826700000004320105320190221000197014282000100000000043200000142000002083089    4                       1         
G0793003000026716    2019021320190215826200000006756105320190221000396014300000100000000067560000142000002093089    4                       1         
G0793003000026716    2019021320190215826000000001383105320190221000505014310000100000000013830000142000002103089    4                       1         
G0793003000026716    2019021320190215826500000004900105320190121000965014261300100000000049000000142000002113089    4                       1         
G0793003000026716    2019021320190215826200000004405105320190221000028014266400100000000044050000142000002123089    4                       1         
G0793003000026716    2019021320190215826200000004312105320190221000598014317900100000000043120000142000002133089    4                       1         
G0793003000026716    2019021320190215826200000001357105320190221000808014335700100000000013570000142000002143089    4                       1         
G0793003000026716    2019021320190215826700000001450105320190121000051014181300100000000014500000142000002153089    4                       1         
G0793003000026716    2019021320190215826100000004664105320190221000736014330000100000000046640000142000002163089    4                       1         
G0793003000026716    2019021320190215826700000001300105320190121000495014221200100000000013000000142000002173089    4                       1         
G0793003000026716    2019021320190215826500000004427105320190221000188014281300100000000044270000142000002183089    4                       1         
G0793003000026716    2019021320190215826500000004320105320190221000924014344400100000000043200000142000002193089    4                       1         
G0793003000026716    2019021320190215826400000006006105320190221000136014276500100000000060060000142000002203089    4                       1         
G0793003000026716    2019021320190215826500000004260105320190215000818022141700100000000042600000142000002213738    4                       1         
G0793003000026716    2019021320190215826200000004260105320190215000819022141800100000000042600000142000002223738    4                       1         
G0793003000026716    2019021320190215826400000004320105320190221000250014286600100000000043200000142000002233089    4                       1         
G0793003000026716    2019021320190215826600000004897105320190221000517014311100100000000048970000142000002243089    4                       1         
G0793003000026716    2019021320190215826900000004260105320190215000122022083100100000000042600000142000002253738    4                       1         
G0793003000026716    2019021320190215826400000004260105320190215000499022116600100000000042600000142000002263738    4                       1         
G0793003000026716    2019021320190215826400000004200105320190115000735022064600100000000042000000142000002273738    4                       1         
G0793003000026716    2019021320190215826100000004200105320190115000434022039100100000000042000000142000002283738    4                       1         
G0793003000026716    2019021320190215826000000004260105320190215000656022130400100000000042600000142000002293738    4                       1         
G0793003000026716    2019021320190215826000000004253105320190215000756022137900100000000042530000142000002303738    4                       1         
G0793003000026716    2019021320190215826600000004350105320190121000669014237000100000000043500000142000002313089    4                       1         
G0793003000026716    2019021320190215826600000004320105320190221000425014302500100000000043200000142000002323089    4                       1         
G0793003000026716    2019021320190215826600000004320105320190221000172014279700100000000043200000142000002333089    4                       1         
G0793003000026716    2019021320190215826600000004275105320190221000922014344200100000000042750000142000002343089    4                       1         
G0793003000026716    2019021320190215826600000004200105320181121000495014047500100000000042000000142000002353089    4                       1         
G0793003000026716    2019021320190215826900000004300105320190121000696014239600100000000043000000142000002363089    4                       1         
G0793003000026716    2019021320190215826400000004320105320190221000777014333000100000000043200000142000002373089    4                       1         
G0793003000026716    2019021320190215826300000004320105320190221000215014283500100000000043200000142000002383089    4                       1         
G0793003000026716    2019021320190215826100000011400105320190201001217000623900100000000114000000142000002391141    4                       1         
G0793003000026716    2019021320190215826100000005550105320190103001952000504500100000000055500000142000002401141    4                       1         
G0793003000026716    2019021320190215826500000007450105320190201001450000639000100000000074500000142000002411141    4                       1         
G0793003000026716    2019021320190215826500000006700105320190103001249000454800100000000067000000142000002421141    4                       1         
G0793003000026716    2019021320190215826500000004350105320190201002146000688300100000000043500000142000002431141    4                       1         
G0793003000026716    2019021320190215826500000004300105320190201000479000566700100000000043000000142000002441141    4                       1         
G0793003000026716    2019021320190215826900000005500105320190103000957000433800100000000055000000142000002451141    4                       1         
G0793003000026716    2019021320190215826600000007300105320190201000219000545400100000000073000000142000002461141    4                       1         
G0793003000026716    2019021320190215826600000007100105320190201001420000637100100000000071000000142000002471141    4                       1         
G0793003000026716    2019021320190215826600000005950105320190201002204000692900100000000059500000142000002481141    4                       1         
G0793003000026716    2019021320190215826600000004900105320190201000577000575400100000000049000000142000002491141    4                       1         
G0793003000026716    2019021320190215826600000004400105320190103001960000505000100000000044000000142000002501141    4                       1         
G0793003000026716    2019021320190215826600000004350105320190103002146000517500100000000043500000142000002511141    4                       1         
G0793003000026716    2019021320190215826600000004350105320190103001005000437000100000000043500000142000002521141    4                       1         
G0793003000026716    2019021320190215826600000004200105320190103001402000464800100000000042000000142000002531141    4                       1         
G0793003000026716    2019021320190215826900000005300105320190201001952000674500100000000053000000142000002541141    4                       1         
G0793003000026716    2019021320190215826900000004350105320190201000957000605200100000000043500000142000002551141    4                       1         
G0793003000026716    2019021320190215826900000004300105320190201001742000659400100000000043000000142000002561141    4                       1         
G0793003000026716    2019021320190215826400000004350105320190103001881000499300100000000043500000142000002571141    4                       1         
G0793003000026716    2019021320190215826400000004300105320190201000286000550800100000000043000000142000002581141    4                       1         
G0793003000026716    2019021320190215826400000004200105320190201001682000655000100000000042000000142000002591141    4                       1         
G0793003000026716    2019021320190215826300000005300105320190201002142000688000100000000053000000142000002601141    4                       1         
G0793003000026716    2019021320190215826400000004200105320190201001249000626100100000000042000000142000002611141    4                       1         
G0793003000026716    2019021320190215826300000014450105320190201000025000531700100000000144500000142000002621141    4                       1         
G0793003000026716    2019021320190215826300000011150105320190201000618000579000100000000111500000142000002631141    4                       1         
G0793003000026716    2019021320190215826300000008700105320190103001932000502900100000000087000000142000002641141    4                       1         
G0793003000026716    2019021320190215826300000007250105320190103001553000475300100000000072500000142000002651141    4                       1         
G0793003000026716    2019021320190215826300000005300105320190201001875000668900100000000053000000142000002661141    4                       1         
G0793003000026716    2019021320190215826100000004200105320190201001402000635800100000000042000000142000002671141    4                       1         
G0793003000026716    2019021320190215826100000004200105320190103001625000480600100000000042000000142000002681141    4                       1         
G0793003000026716    2019021320190215826000000005950105320190201001541000696700100000000059500000142000002691141    4                       1         
G0793003000026716    2019021320190215826000000005550105320190103002142000517300100000000055500000142000002701141    4                       1         
G0793003000026716    2019021320190215826000000004300105320190201000284000550600100000000043000000142000002711141    4                       1         
G0793003000026716    2019021320190215826000000004200105320190201000494000568000100000000042000000142000002721141    4                       1         
G0793003000026716    2019021320190215826000000004300105320190214000086010387300100000000043000000142000002731829    4                       1         
G0793003000026716    2019021320190215826800000004200105320190114000067010262600100000000042000000142000002741829    4                       1         
G0793003000026716    2019021320190215826700000013100105320190214000573010420500100000000131000000142000002751829    4                       1         
G0793003000026716    2019021320190215826700000007250105320190214000130010390600100000000072500000142000002761829    4                       1         
G0793003000026716    2019021320190215826700000006550105320190214000273010400800100000000065500000142000002771829    4                       1         
G0793003000026716    2019021320190215826700000005550105320190214001359010472800100000000055500000142000002781829    4                       1         
G0793003000026716    2019021320190215826700000004400105320190214000717010431500100000000044000000142000002791829    4                       1         
G0793003000026716    2019021320190215826700000004350105320190114001234010342100100000000043500000142000002801829    4                       1         
G0793003000026716    2019021320190215826900000004200105320190121000177014192800100000000042000000142000002813089    4                       1         
G0793003000026716    2019021320190215826800000024350105320190121000080014184000100000000243500000142000002823089    4                       1         
G0793003000026716    2019021320190215826800000004312105320190221000081014271500100000000043120000142000002833089    4                       1         
G0793003000026716    2019021320190215826100000004404105320190221000704014327400100000000044040000142000002843089    4                       1         
G0793003000026716    2019021320190215826100000004320105320190221000608014318800100000000043200000142000002853089    4                       1         
G0793003000026716    2019021320190215826100000004320105320190221000388014299300100000000043200000142000002863089    4                       1         
G0793003000026716    2019021320190215826100000001400105320190121000675014237600100000000014000000142000002873089    4                       1         
G0793003000026716    2019021320190215826000000007100105320190121000810014249300100000000071000000142000002883089    4                       1         
G0793003000026716    2019021320190215826000000006652105320190221000500014309500100000000066520000142000002893089    4                       1         
G0793003000026716    2019021320190215826000000004320105320190221000335014294300100000000043200000142000002903089    4                       1         
G0793003000026716    2019021320190215826800000001422105320190225070047020284400100000000014220000142000002911829    4                       1         
Z00029300000000001521114                                                                                                                              
