A2201053              HIDROFORTETOCANTINS 104CAIXA ECON. FEDERAL 2019021500155303                                                                     
G0793003000026716    2019021420190215826900000008693105300100000060437002588900000000000086930000142000000010007    3                       1         
G0793003000026716    2019021420190215826300000004150105320190204000327002569100100000000041500000142000000023459    3                       1         
G0793003000026716    2019021420190215826800000004200105320190214000244010398700100000000042000000142000000033089    3                       1         
G0793003000026716    2019021420190218826600000004260105320190215000357022104300100000000042600000142000000043722    4                       1         
G0793003000026716    2019021420190218826700000001250105300100000070948081654700000000000012500000142000000053939    4                       1         
G0793003000026716    2019021420190218826600000009050105300100000070538081615700000000000090500000142000000063939    4                       1         
G0793003000026716    2019021420190218826900000004150105300100000071722081728000000000000041500000142000000073939    4                       1         
G0793003000026716    2019021420190218826500000003750105300100000060769002618300000000000037500000142000000083738    4                       1         
G0793003000026716    2019021420190218826200000008550105300100000071290081687700000000000085500000142000000093939    4                       1         
G0793003000026716    2019021420190218826300000003750105300100000060785002619800000000000037500000142000000103738    4                       1         
G0793003000026716    2019021420190218826300000004200105300100000071727081728500000000000042000000142000000113939    4                       1         
G0793003000026716    2019021420190218826400000004100105300100000071415081700000000000000041000000142000000123939    4                       1         
G0793003000026716    2019021420190218826300000001300105300100000070892081649600000000000013000000142000000133939    4                       1         
G0793003000026716    2019021420190218826200000005300105300100000071035081663100000000000053000000142000000143939    4                       1         
G0793003000026716    2019021420190218826700000004850105300100000070019081583600000000000048500000142000000153939    4                       1         
G0793003000026716    2019021420190218826600000004150105300100000070666081628200000000000041500000142000000163939    4                       1         
G0793003000026716    2019021420190218826700000001300105300100000071234081682100000000000013000000142000000173939    4                       1         
G0793003000026716    2019021420190218826800000004100105300100000070755081636700000000000041000000142000000183939    4                       1         
G0793003000026716    2019021420190218826700000003750105300100000061035002642000000000000037500000142000000193738    4                       1         
G0793003000026716    2019021420190218826600000029400105300100000070595081621100000000000294000000142000000203939    4                       1         
G0793003000026716    2019021420190218826200000004200105300100000071670081723200000000000042000000142000000213939    4                       1         
G0793003000026716    2019021420190218826000000005800105300100000070038081584200000000000058000000142000000223939    4                       1         
G0793003000026716    2019021420190218826000000001350105300100000071118081671100000000000013500000142000000233939    4                       1         
G0793003000026716    2019021420190218826800000006300105300100000060497002594400000000000063000000142000000243738    4                       1         
G0793003000026716    2019021420190218826300000004200105300100000070259020270900000000000042000000142000000251829    4                       1         
G0793003000026716    2019021420190218826900000004150105300100000070205020267600000000000041500000142000000261829    4                       1         
G0793003000026716    2019021420190218826500000006300105300100000070300020274300000000000063000000142000000271829    4                       1         
G0793003000026716    2019021420190218826600000017250105300100000070011020255700000000000172500000142000000281829    4                       1         
G0793003000026716    2019021420190218826900000004150105300100000070245020270000000000000041500000142000000291829    4                       1         
G0793003000026716    2019021420190218826400000007700105300100000070308020275100000000000077000000142000000301829    4                       1         
G0793003000026716    2019021420190218826100000003850105300100000060642002606300000000000038500000142000000313738    4                       1         
G0793003000026716    2019021420190218826700000004200105300100000070731035605800000000000042000000142000000321829    4                       1         
G0793003000026716    2019021420190218826200000006550105300100000070218035566100000000000065500000142000000331829    4                       1         
G0793003000026716    2019021420190218826100000004050105320190204070165035715300100000000040500000142000000341829    4                       1         
G0793003000026716    2019021420190218826400000005850105320190205000440006783600100000000058500000142000000353863    4                       1         
G0793003000026716    2019021420190218826300000004260105320190215000276018083000100000000042600000142000000361141    4                       1         
G0793003000026716    2019021420190218826500000001436105320190225070142020290500100000000014360000142000000371829    4                       1         
G0793003000026716    2019021420190218826600000004260105320190215000117022082600100000000042600000142000000383738    4                       1         
G0793003000026716    2019021420190218826100000004260105320190215000287022098200100000000042600000142000000393738    4                       1         
G0793003000026716    2019021420190218826000000004260105320190215000077022079100100000000042600000142000000403738    4                       1         
G0793003000026716    2019021420190218826800000007450105320190205004590006821600100000000074500000142000000413863    4                       1         
G0793003000026716    2019021420190218826800000007350105320190105005624006766900100000000073500000142000000423863    4                       1         
G0793003000026716    2019021420190218826400000004214105320190225070008020282800100000000042140000142000000431829    4                       1         
G0793003000026716    2019021420190218826600000004800105320190115000576018047800100000000048000000142000000441141    4                       1         
G0793003000026716    2019021420190218826800000004200105320190115000650022057900100000000042000000142000000453738    4                       1         
G0793003000026716    2019021420190218826100000004241105320190215000576018108200100000000042410000142000000461141    4                       1         
G0793003000026716    2019021420190218826100000004200105320190115000074018006200100000000042000000142000000471141    4                       1         
G0793003000026716    2019021420190218826000000004150105320190225070150020291100100000000041500000142000000481829    4                       1         
G0793003000026716    2019021420190218826700000004300105320190204070731035759000100000000043000000142000000491829    4                       1         
G0793003000026716    2019021420190218826800000006003105320190215000003018060900100000000060030000142000000501141    4                       1         
G0793003000026716    2019021420190218826800000004272105320190215000497018101100100000000042720000142000000511141    4                       1         
G0793003000026716    2019021420190218826400000004050105320190204070855035767700100000000040500000142000000521829    4                       1         
G0793003000026716    2019021420190218826300000003200105320190205001130006790000100000000032000000142000000533863    4                       1         
G0793003000026716    2019021420190218826500000004200105320190115000003018000100100000000042000000142000000541141    4                       1         
G0793003000026716    2019021420190218826900000017650105320181205005624006695400100000000176500000142000000553863    4                       1         
G0793003000026716    2019021420190218826600000005350105320190115000618018051500100000000053500000142000000561141    4                       1         
G0793003000026716    2019021420190218826900000006550105320190115000634018053100100000000065500000142000000571141    4                       1         
G0793003000026716    2019021420190218826600000004260105320190215000615018111600100000000042600000142000000581141    4                       1         
G0793003000026716    2019021420190218826400000004198105320190225070362020305000100000000041980000142000000591829    4                       1         
G0793003000026716    2019021420190218826500000004050105320190204070170035715700100000000040500000142000000601829    4                       1         
G0793003000026716    2019021420190218826700000004100105320190103070356035654200100000000041000000142000000611829    4                       1         
G0793003000026716    2019021420190218826600000004260105320190215000126018071600100000000042600000142000000621141    4                       1         
G0793003000026716    2019021420190218826600000004200105320190115000276018022700100000000042000000142000000631141    4                       1         
G0793003000026716    2019021420190218826800000004200105320190115000326022029400100000000042000000142000000643738    4                       1         
G0793003000026716    2019021420190218826000000001515105320190225070051020284800100000000015150000142000000651829    4                       1         
G0793003000026716    2019021420190218826400000004260105320190215000492022116000100000000042600000142000000663738    4                       1         
G0793003000026716    2019021420190218826300000013750105320190205004720006822700100000000137500000142000000673863    4                       1         
G0793003000026716    2019021420190218826300000004800105320190205000940006787900100000000048000000142000000683863    4                       1         
G0793003000026716    2019021420190218826300000003300105320190105005520006759400100000000033000000142000000693863    4                       1         
G0793003000026716    2019021420190218826300000004200105320190115000129018011000100000000042000000142000000701141    4                       1         
G0793003000026716    2019021420190218826300000005422105320190215000549018105800100000000054220000142000000711141    4                       1         
G0793003000026716    2019021420190218826200000005150105320190105002600006732800100000000051500000142000000723863    4                       1         
G0793003000026716    2019021420190218826500000003300105320190205005998006849000100000000033000000142000000733863    4                       1         
G0793003000026716    2019021420190218826000000004241105320190215000458018098000100000000042410000142000000741141    4                       1         
G0793003000026716    2019021420190218826200000004950105320190205004070006816800100000000049500000142000000753863    4                       1         
G0793003000026716    2019021420190218826700000004260105320190215000194022089500100000000042600000142000000763738    4                       1         
G0793003000026716    2019021420190218826600000004134105320190225070265020298100100000000041340000142000000771829    4                       1         
G0793003000026716    2019021420190218826100000004200105320190115000047022004100100000000042000000142000000783738    4                       1         
G0793003000026716    2019021420190218826900000004260105320190215000365022105100100000000042600000142000000793738    4                       1         
G0793003000026716    2019021420190218826400000004202105320190225070149020291000100000000042020000142000000801829    4                       1         
G0793003000026716    2019021420190218826000000004241105320190215000730022135800100000000042410000142000000813738    4                       1         
G0793003000026716    2019021420190218826700000004260105320190215000596022125500100000000042600000142000000823738    4                       1         
G0793003000026716    2019021420190218826600000009350105320190205006022006850900100000000093500000142000000833863    4                       1         
G0793003000026716    2019021420190218826600000003250105320190205005536006830900100000000032500000142000000843863    4                       1         
G0793003000026716    2019021420190218826100000005600105320190205005915006844500100000000056000000142000000853863    4                       1         
G0793003000026716    2019021420190218826700000010850105320190215000108022081800100000000108500000142000000863738    4                       1         
G0793003000026716    2019021420190218826900000004700105320190105002850006735100100000000047000000142000000873863    4                       1         
G0793003000026716    2019021420190218826400000004260105320190215000619018112000100000000042600000142000000881141    4                       1         
G0793003000026716    2019021420190218826400000004200105320190115000438018035800100000000042000000142000000891141    4                       1         
G0793003000026716    2019021420190218826400000004150105320190204000558002581700100000000041500000142000000901116    4                       1         
G0793003000026716    2019021420190218826300000004150105320190204000726002592000100000000041500000142000000911116    4                       1         
G0793003000026716    2019021420190218826700000004950105320190201002095000684600100000000049500000142000000921141    4                       1         
G0793003000026716    2019021420190218826900000004300105320190201002203000692800100000000043000000142000000931141    4                       1         
G0793003000026716    2019021420190218826800000026000105320181203002053000345600100000000260000000142000000941141    4                       1         
G0793003000026716    2019021420190218826600000004350105320190201000873000598800100000000043500000142000000951141    4                       1         
G0793003000026716    2019021420190218826700000004200105320190201001786000662600100000000042000000142000000961141    4                       1         
G0793003000026716    2019021420190218826600000013500105320190103002053000529400100000000135000000142000000971141    4                       1         
G0793003000026716    2019021420190218826000000004230105320190225000657024063900100000000042300000142000000981737    4                       1         
G0793003000026716    2019021420190218826000000004230105320190225000560024054300100000000042300000142000000991737    4                       1         
G0793003000026716    2019021420190218826000000004230105320190225000194024018700100000000042300000142000001001737    4                       1         
G0793003000026716    2019021420190218826500000006700105320190201001474000640900100000000067000000142000001011141    4                       1         
G0793003000026716    2019021420190218826300000004350105320190103001623000480500100000000043500000142000001021141    4                       1         
G0793003000026716    2019021420190218826000000004230105320190225000539024052300100000000042300000142000001031737    4                       1         
G0793003000026716    2019021420190218826500000006550105320190201000971000606100100000000065500000142000001041141    4                       1         
G0793003000026716    2019021420190218826300000005000105320190201002019000679200100000000050000000142000001051141    4                       1         
G0793003000026716    2019021420190218826500000006050105320190201000475000566300100000000060500000142000001061141    4                       1         
G0793003000026716    2019021420190218826900000004800105320190201001264000627000100000000048000000142000001071141    4                       1         
G0793003000026716    2019021420190218826900000005600105320190201001483000641300100000000056000000142000001081141    4                       1         
G0793003000026716    2019021420190218826300000009800105320190201000677000583000100000000098000000142000001091141    4                       1         
G0793003000026716    2019021420190218826300000008300105320190201001912000671600100000000083000000142000001101141    4                       1         
G0793003000026716    2019021420190218826300000006550105320190201002022000679500100000000065500000142000001111141    4                       1         
G0793003000026716    2019021420190218826300000005950105320190201001371000634100100000000059500000142000001121141    4                       1         
G0793003000026716    2019021420190218826300000004350105320190201002001000678200100000000043500000142000001131141    4                       1         
G0793003000026716    2019021420190218826300000004200105320190201001762000660800100000000042000000142000001141141    4                       1         
G0793003000026716    2019021420190218826300000004200105320181203001293000287700100000000042000000142000001151141    4                       1         
G0793003000026716    2019021420190218826200000005450105320190201000958000605300100000000054500000142000001161141    4                       1         
G0793003000026716    2019021420190218826700000004300105320190201000109000537800100000000043000000142000001171141    4                       1         
G0793003000026716    2019021420190218826200000004270105320190304000300002615100100000000042700000142000001181116    4                       1         
G0793003000026716    2019021420190218826400000003850105320181206000474095559000100000000038500000142000001194481    4                       1         
G0793003000026716    2019021420190218826300000003850105320181107000385000038000100000000038500000142000001204481    4                       1         
G0793003000026716    2019021420190218826800000003850105320181107000399000039400100000000038500000142000001214481    4                       1         
G0793003000026716    2019021420190218826200000003850105320181206000294095541500100000000038500000142000001224481    4                       1         
G0793003000026716    2019021420190218826100000003850105320181107000313000030800100000000038500000142000001234481    4                       1         
G0793003000026716    2019021420190218826400000003850105320181206000391095550900100000000038500000142000001244481    4                       1         
G0793003000026716    2019021420190218826400000003850105320181206000304095542300100000000038500000142000001254481    4                       1         
G0793003000026716    2019021420190218826000000003850105320181206001055095616000100000000038500000142000001264481    4                       1         
G0793003000026716    2019021420190218826300000004461105320190221000766014332200100000000044610000142000001273089    4                       1         
G0793003000026716    2019021420190218826900000001421105320190221000597014317800100000000014210000142000001283089    4                       1         
G0793003000026716    2019021420190218826300000004230105320190225000674024065600100000000042300000142000001291737    4                       1         
G0793003000026716    2019021420190218826900000010850105320190225000632024061400100000000108500000142000001301737    4                       1         
G0793003000026716    2019021420190218826900000008460105320190225000280024027100100000000084600000142000001311737    4                       1         
G0793003000026716    2019021420190218826200000004811105320190225000222024021500100000000048110000142000001321737    4                       1         
G0793003000026716    2019021420190218826900000004230105320190225000624024060600100000000042300000142000001331737    4                       1         
G0793003000026716    2019021420190218826700000004258105320190304000079002602800100000000042580000142000001341116    4                       1         
G0793003000026716    2019021420190218826700000004150105320190204000494002577700100000000041500000142000001351116    4                       1         
G0793003000026716    2019021420190218826700000004150105320190204000352002570600100000000041500000142000001361116    4                       1         
G0793003000026716    2019021420190218826900000004150105320190204000585002583700100000000041500000142000001371116    4                       1         
G0793003000026716    2019021420190218826500000004270105320190304000081002602900100000000042700000142000001381116    4                       1         
G0793003000026716    2019021420190218826700000008500105320190204000004002550800100000000085000000142000001391116    4                       1         
G0793003000026716    2019021420190218826100000004270105320190304000675002635300100000000042700000142000001401116    4                       1         
G0793003000026716    2019021420190218826100000004270105320190304000070002602300100000000042700000142000001411116    4                       1         
G0793003000026716    2019021420190218826100000004245105320190304000548002627600100000000042450000142000001421116    4                       1         
G0793003000026716    2019021420190218826100000004150105320190204000081002554800100000000041500000142000001431116    4                       1         
G0793003000026716    2019021420190218826700000004300105320190214001691010493700100000000043000000142000001441829    4                       1         
G0793003000026716    2019021420190218826100000004300105320190214001423010477300100000000043000000142000001451829    4                       1         
G0793003000026716    2019021420190218826400000004323105320190221000117014274800100000000043230000142000001463089    4                       1         
G0793003000026716    2019021420190218826300000012150105320190121000087014184700100000000121500000142000001473089    4                       1         
G0793003000026716    2019021420190218826300000004320105320190221000456014305600100000000043200000142000001483089    4                       1         
G0793003000026716    2019021420190218826300000004200105320190121000865014253300100000000042000000142000001493089    4                       1         
G0793003000026716    2019021420190218826900000013573105320190221000211014283200100000000135730000142000001503089    4                       1         
G0793003000026716    2019021420190218826200000004200105320190121000176014192700100000000042000000142000001513089    4                       1         
G0793003000026716    2019021420190218826700000004350105320190121000534014224800100000000043500000142000001523089    4                       1         
G0793003000026716    2019021420190218826700000004350105320190121000186014193700100000000043500000142000001533089    4                       1         
G0793003000026716    2019021420190218826900000006050105320190121000695014239500100000000060500000142000001543089    4                       1         
G0793003000026716    2019021420190218826500000005600105320190121000786014247100100000000056000000142000001553089    4                       1         
G0793003000026716    2019021420190218826900000004320105320190221000451014305100100000000043200000142000001563089    4                       1         
G0793003000026716    2019021420190218826900000004320105320190221000395014299900100000000043200000142000001573089    4                       1         
G0793003000026716    2019021420190218826900000004309105320190221000459014305900100000000043090000142000001583089    4                       1         
G0793003000026716    2019021420190218826900000004301105320190221000823014336900100000000043010000142000001593089    4                       1         
G0793003000026716    2019021420190218826500000004405105320190221000641014321700100000000044050000142000001603089    4                       1         
G0793003000026716    2019021420190218826500000004320105320190221000697014326700100000000043200000142000001613089    4                       1         
G0793003000026716    2019021420190218826900000004230105320190225000386024037500100000000042300000142000001621737    4                       1         
G0793003000026716    2019021420190218826900000004230105320190225000090024008600100000000042300000142000001631737    4                       1         
G0793003000026716    2019021420190218826900000004230105320190225000081024007700100000000042300000142000001641737    4                       1         
G0793003000026716    2019021420190218826600000004230105320190225000131024012500100000000042300000142000001651737    4                       1         
G0793003000026716    2019021420190218826500000008460105320190225000083024007900100000000084600000142000001661737    4                       1         
G0793003000026716    2019021420190218826800000004230105320190225000546024052900100000000042300000142000001671737    4                       1         
G0793003000026716    2019021420190218826800000004230105320190225000124024011900100000000042300000142000001681737    4                       1         
G0793003000026716    2019021420190218826800000004230105320190225000057024005400100000000042300000142000001691737    4                       1         
G0793003000026716    2019021420190218826800000004230105320190225000036024003300100000000042300000142000001701737    4                       1         
G0793003000026716    2019021420190218826500000004301105320190221000340014294800100000000043010000142000001713089    4                       1         
G0793003000026716    2019021420190218826100000004301105320190221000487014308400100000000043010000142000001723089    4                       1         
G0793003000026716    2019021420190218826100000004200105320190121000374014210200100000000042000000142000001733089    4                       1         
G0793003000026716    2019021420190218826100000001378105320190221000937014345600100000000013780000142000001743089    4                       1         
G0793003000026716    2019021420190218826000000007210105320190221000205014282600100000000072100000142000001753089    4                       1         
G0793003000026716    2019021420190218826000000004375105320190221000127014275700100000000043750000142000001763089    4                       1         
G0793003000026716    2019021420190218826500000001360105320190221000331014263900100000000013600000142000001773089    4                       1         
G0793003000026716    2019021420190218826400000007940105320190221000245014286200100000000079400000142000001783089    4                       1         
G0793003000026716    2019021420190218826000000004350105320190121000615014231800100000000043500000142000001793089    4                       1         
G0793003000026716    2019021420190218826100000007878105320190225000291024028200100000000078780000142000001801737    4                       1         
G0793003000026716    2019021420190218826100000004230105320190225000702024067900100000000042300000142000001811737    4                       1         
G0793003000026716    2019021420190218826100000004230105320190225000366024035700100000000042300000142000001821737    4                       1         
G0793003000026716    2019021420190218826400000004230105320190225000077024007300100000000042300000142000001831737    4                       1         
G0793003000026716    2019021420190218826400000004230105320190225000043024004000100000000042300000142000001841737    4                       1         
G0793003000026716    2019021420190218826500000004300105320190201000881000599400100000000043000000142000001851141    4                       1         
G0793003000026716    2019021420190218826700000008800105320190201001585000648000100000000088000000142000001861141    4                       1         
G0793003000026716    2019021420190218826700000007550105320190201001518000644000100000000075500000142000001871141    4                       1         
G0793003000026716    2019021420190218826100000018400105320190201000095000536900100000000184000000142000001881141    4                       1         
G0793003000026716    2019021420190218826100000005450105320190201000420000561900100000000054500000142000001891141    4                       1         
G0793003000026716    2019021420190218826100000004300105320190201000313000553200100000000043000000142000001901141    4                       1         
G0793003000026716    2019021420190218826000000005450105320190201001305000629400100000000054500000142000001911141    4                       1         
G0793003000026716    2019021420190218826400000004300105320190201001059000612300100000000043000000142000001921141    4                       1         
G0793003000026716    2019021420190218826400000004300105320190201000808000593700100000000043000000142000001931141    4                       1         
G0793003000026716    2019021420190218826400000004300105320190103001128000446200100000000043000000142000001941141    4                       1         
G0793003000026716    2019021420190218826000000004300105320190201001892000670000100000000043000000142000001951141    4                       1         
G0793003000026716    2019021420190218826300000024900105320181101002053000168500100000000249000000142000001961141    4                       1         
G0793003000026716    2019021420190218826000000004200105320190201001673000654300100000000042000000142000001971141    4                       1         
G0793003000026716    2019021420190218826000000004350105320190214000811010439700100000000043500000142000001981829    4                       1         
G0793003000026716    2019021420190218826300000009800105320190214000437010411600100000000098000000142000001991829    4                       1         
G0793003000026716    2019021420190218826300000007200105320190214000910010445900100000000072000000142000002001829    4                       1         
G0793003000026716    2019021420190218826300000006650105320190214000492010414900100000000066500000142000002011829    4                       1         
G0793003000026716    2019021420190218826300000004500105320190214001064010454600100000000045000000142000002021829    4                       1         
G0793003000026716    2019021420190218826200000018700105320190214000877010444200100000000187000000142000002031829    4                       1         
G0793003000026716    2019021420190218826900000017350105320190214000667010427800100000000173500000142000002041829    4                       1         
G0793003000026716    2019021420190218826900000010850105320190214000551010418800100000000108500000142000002051829    4                       1         
G0793003000026716    2019021420190218826200000004200105320190114000706010307600100000000042000000142000002061829    4                       1         
G0793003000026716    2019021420190218826700000004200105320190214001602010488500100000000042000000142000002071829    4                       1         
G0793003000026716    2019021420190218826900000007850105320190214001414010476800100000000078500000142000002081829    4                       1         
G0793003000026716    2019021420190218826900000006850105320190114001768010376600100000000068500000142000002091829    4                       1         
G0793003000026716    2019021420190218826600000004800105320190114000827010317700100000000048000000142000002101829    4                       1         
G0793003000026716    2019021420190218826600000004200105320190114000242010275400100000000042000000142000002111829    4                       1         
G0793003000026716    2019021420190218826500000007200105320190214000512010416200100000000072000000142000002121829    4                       1         
G0793003000026716    2019021420190218826800000005800105320190214000047010384500100000000058000000142000002131829    4                       1         
G0793003000026716    2019021420190218826500000004350105320190114001668010369800100000000043500000142000002141829    4                       1         
G0793003000026716    2019021420190218826500000004300105320190214000904010445500100000000043000000142000002151829    4                       1         
G0793003000026716    2019021420190218826700000005350105320190114001393010352600100000000053500000142000002161829    4                       1         
G0793003000026716    2019021420190218826100000004300105320190214000839010441900100000000043000000142000002171829    4                       1         
G0793003000026716    2019021420190218826100000004300105320190214000752010434500100000000043000000142000002181829    4                       1         
G0793003000026716    2019021420190218826100000004200105320190114001219010341000100000000042000000142000002191829    4                       1         
G0793003000026716    2019021420190218826000000005600105320190214001358010472700100000000056000000142000002201829    4                       1         
G0793003000026716    2019021420190218826000000004450105320190214000827010441100100000000044500000142000002211829    4                       1         
G0793003000026716    2019021420190218826400000009350105320190214000423010410600100000000093500000142000002221829    4                       1         
G0793003000026716    2019021420190218826400000007100105320190114000811010316300100000000071000000142000002231829    4                       1         
G0793003000026716    2019021420190218826400000004400105320190214000587010421600100000000044000000142000002241829    4                       1         
G0793003000026716    2019021420190218826400000004300105320190214000601010422700100000000043000000142000002251829    4                       1         
G0793003000026716    2019021420190218826400000004200105320190214001372010473900100000000042000000142000002261829    4                       1         
Z00022800000000001260802                                                                                                                              
