A2201053              HIDROFORTETOCANTINS 104CAIXA ECON. FEDERAL 2019021600155403                                                                     
G0793003000026716    2019021520190218826000000004050105320190204070124035713900100000000040500000142000000012525    2                       1         
G0793003000026716    2019021520190218826700000004260105320190215000335018088000100000000042600000142000000021141    3                       1         
G0793003000026716    2019021520190218826500000004400105320190201001925000672600100000000044000000142000000033459    3                       1         
G0793003000026716    2019021520190219826400000005300105300100000060587002601300000000000053000000142000000043738    4                       1         
G0793003000026716    2019021520190219826600000004150105300100000070377020279200000000000041500000142000000051829    4                       1         
G0793003000026716    2019021520190219826100000001250105300100000070066020258700000000000012500000142000000061829    4                       1         
G0793003000026716    2019021520190219826500000006000105300100000070123020262400000000000060000000142000000071829    4                       1         
G0793003000026716    2019021520190219826500000003750105300100000060813002622300000000000037500000142000000083738    4                       1         
G0793003000026716    2019021520190219826500000004250105300100000070727035681500000000000042500000142000000091829    4                       1         
G0793003000026716    2019021520190219826300000011550105300100000070315020275800000000000115500000142000000101829    4                       1         
G0793003000026716    2019021520190219826400000003800105300100000060883002628300000000000038000000142000000113738    4                       1         
G0793003000026716    2019021520190219826100000004250105300100000060681002609900000000000042500000142000000123738    4                       1         
G0793003000026716    2019021520190219826100000003750105300100000060306002577900000000000037500000142000000133738    4                       1         
G0793003000026716    2019021520190219826400000004200105300100000070756081636800000000000042000000142000000143939    4                       1         
G0793003000026716    2019021520190219826900000007150105300100000070807081641800000000000071500000142000000153939    4                       1         
G0793003000026716    2019021520190219826600000006350105300100000070375081600500000000000063500000142000000163939    4                       1         
G0793003000026716    2019021520190219826200000004150105300100000070726081633900000000000041500000142000000173939    4                       1         
G0793003000026716    2019021520190219826200000004100105300100000071055081665000000000000041000000142000000183939    4                       1         
G0793003000026716    2019021520190219826100000005450105300100000070169081586700000000000054500000142000000193939    4                       1         
G0793003000026716    2019021520190219826700000006700105300100000072015081755100000000000067000000142000000203939    4                       1         
G0793003000026716    2019021520190219826700000004100105300100000070763081464600000000000041000000142000000213939    4                       1         
G0793003000026716    2019021520190219826000000004200105300100000071936081748800000000000042000000142000000223939    4                       1         
G0793003000026716    2019021520190219826400000001300105300100000071135081672800000000000013000000142000000233939    4                       1         
G0793003000026716    2019021520190219826500000004150105300100000071776081733100000000000041500000142000000243939    4                       1         
G0793003000026716    2019021520190219826300000012650105300100000071115081670800000000000126500000142000000253939    4                       1         
G0793003000026716    2019021520190219826100000004300105300100000071429081701200000000000043000000142000000263939    4                       1         
G0793003000026716    2019021520190219826100000004100105300100000070763081637500000000000041000000142000000273939    4                       1         
G0793003000026716    2019021520190219826100000001300105300100000071940081749200000000000013000000142000000283939    4                       1         
G0793003000026716    2019021520190219826000000007450105300100000061184002654700000000000074500000142000000293738    4                       1         
G0793003000026716    2019021520190219826500000006850105300100000060978002530000000000000068500000142000000303738    4                       1         
G0793003000026716    2019021520190219826200000003800105300100000060056002564700000000000038000000142000000313738    4                       1         
G0793003000026716    2019021520190219826500000003750105300100000061161002652700000000000037500000142000000323738    4                       1         
G0793003000026716    2019021520190219826800000005300105300100000060951002634500000000000053000000142000000333738    4                       1         
G0793003000026716    2019021520190219826000000003750105300100000060424002587700000000000037500000142000000343738    4                       1         
G0793003000026716    2019021520190219826200000008000105300100000061296002663000000000000080000000142000000353738    4                       1         
G0793003000026716    2019021520190219826800000005900105300100000060539002597500000000000059000000142000000363738    4                       1         
G0793003000026716    2019021520190219826400000039500105300100000060848002625000000000000395000000142000000373738    4                       1         
G0793003000026716    2019021520190219826200000004850105300100000060889002628900000000000048500000142000000383738    4                       1         
G0793003000026716    2019021520190219826600000009800105300100000060715002613100000000000098000000142000000393738    4                       1         
G0793003000026716    2019021520190219826600000003850105300100000060978002636900000000000038500000142000000403738    4                       1         
G0793003000026716    2019021520190219826600000003750105300100000060175002567200000000000037500000142000000413738    4                       1         
G0793003000026716    2019021520190219826000000003750105300100000061101002647500000000000037500000142000000423738    4                       1         
G0793003000026716    2019021520190219826800000005150105320190204070305035727100100000000051500000142000000431829    4                       1         
G0793003000026716    2019021520190219826400000004050105320190204070935035773500100000000040500000142000000441829    4                       1         
G0793003000026716    2019021520190219826000000006050105320190205006000006849200100000000060500000142000000453863    4                       1         
G0793003000026716    2019021520190219826000000009150105320190204070981035777100100000000091500000142000000461829    4                       1         
G0793003000026716    2019021520190219826300000003200105320190205003040006807300100000000032000000142000000473863    4                       1         
G0793003000026716    2019021520190219826100000004050105320190204070846035767000100000000040500000142000000481829    4                       1         
G0793003000026716    2019021520190219826600000004100105320180504070327035024000100000000041000000142000000491829    4                       1         
G0793003000026716    2019021520190219826500000004200105320190204070899035770300100000000042000000142000000501829    4                       1         
G0793003000026716    2019021520190219826000000004100105320180803070327035321200100000000041000000142000000511829    4                       1         
G0793003000026716    2019021520190219826200000004800105320190115000006018000300100000000048000000142000000521141    4                       1         
G0793003000026716    2019021520190219826000000004050105320190204070451035783800100000000040500000142000000531829    4                       1         
G0793003000026716    2019021520190219826900000009385105320190215000303018085400100000000093850000142000000541141    4                       1         
G0793003000026716    2019021520190219826600000003200105320190205002200006799500100000000032000000142000000553863    4                       1         
G0793003000026716    2019021520190219826500000004900105320190205003305006810000100000000049000000142000000563863    4                       1         
G0793003000026716    2019021520190219826200000017406105320190215000715018119700100000000174060000142000000571141    4                       1         
G0793003000026716    2019021520190219826200000007200105320190205005331006828300100000000072000000142000000583863    4                       1         
G0793003000026716    2019021520190219826200000004100105320190205005563006832800100000000041000000142000000593863    4                       1         
G0793003000026716    2019021520190219826900000003600105320190205004140006817500100000000036000000142000000603863    4                       1         
G0793003000026716    2019021520190219826200000003350105320190205000640006785500100000000033500000142000000613863    4                       1         
G0793003000026716    2019021520190219826200000005422105320190215000334018087900100000000054220000142000000621141    4                       1         
G0793003000026716    2019021520190219826200000009500105320190214001031010453200100000000095000000142000000631829    4                       1         
G0793003000026716    2019021520190219826200000005350105320190114001308010347000100000000053500000142000000641829    4                       1         
G0793003000026716    2019021520190219826200000004300105320190214001148010459500100000000043000000142000000651829    4                       1         
G0793003000026716    2019021520190219826200000004200105320190214000530010417500100000000042000000142000000661829    4                       1         
G0793003000026716    2019021520190219826900000020450105320190114000922010323800100000000204500000142000000671829    4                       1         
G0793003000026716    2019021520190219826900000005550105320190214000845010442300100000000055500000142000000681829    4                       1         
G0793003000026716    2019021520190219826900000005350105320190114000392010285300100000000053500000142000000691829    4                       1         
G0793003000026716    2019021520190219826900000004800105320190114000538010294900100000000048000000142000000701829    4                       1         
G0793003000026716    2019021520190219826200000004200105320190114000023010259800100000000042000000142000000711829    4                       1         
G0793003000026716    2019021520190219826200000004050105320190204070836035766100100000000040500000142000000721829    4                       1         
G0793003000026716    2019021520190219826800000004300105320190214001360010472900100000000043000000142000000731829    4                       1         
G0793003000026716    2019021520190219826800000004200105320190214000720010431800100000000042000000142000000741829    4                       1         
G0793003000026716    2019021520190219826600000004300105320190214001022010452700100000000043000000142000000751829    4                       1         
G0793003000026716    2019021520190219826700000004900105320190214001470010480500100000000049000000142000000761829    4                       1         
G0793003000026716    2019021520190219826700000004300105320190214001305010469600100000000043000000142000000771829    4                       1         
G0793003000026716    2019021520190219826700000004200105320190214000774010436400100000000042000000142000000781829    4                       1         
G0793003000026716    2019021520190219826700000004200105320190114001591010380200100000000042000000142000000791829    4                       1         
G0793003000026716    2019021520190219826600000004300105320190214000714010431300100000000043000000142000000801829    4                       1         
G0793003000026716    2019021520190219826600000004300105320190214000338010405200100000000043000000142000000811829    4                       1         
G0793003000026716    2019021520190219826600000004300105320190214000023010383000100000000043000000142000000821829    4                       1         
G0793003000026716    2019021520190219826600000004350105320190114000585010298200100000000043500000142000000831829    4                       1         
G0793003000026716    2019021520190219826400000009350105320190214000922010502400100000000093500000142000000841829    4                       1         
G0793003000026716    2019021520190219826400000006550105320190214000042010384000100000000065500000142000000851829    4                       1         
G0793003000026716    2019021520190219826400000006550105320181213000922010199000100000000065500000142000000861829    4                       1         
G0793003000026716    2019021520190219826400000004200105320190214000508010415900100000000042000000142000000871829    4                       1         
G0793003000026716    2019021520190219826100000004200105320190114000048010379200100000000042000000142000000881829    4                       1         
G0793003000026716    2019021520190219826000000008600105320190114000519010293700100000000086000000142000000891829    4                       1         
G0793003000026716    2019021520190219826300000004200105320190114000689010306200100000000042000000142000000901829    4                       1         
G0793003000026716    2019021520190219826000000005850105320190214001021010452600100000000058500000142000000911829    4                       1         
G0793003000026716    2019021520190219826000000004200105320190214001396010475600100000000042000000142000000921829    4                       1         
G0793003000026716    2019021520190219826700000004300105320190103070841035689200100000000043000000142000000931829    4                       1         
G0793003000026716    2019021520190219826600000004345105320190215000078022079200100000000043450000142000000943738    4                       1         
G0793003000026716    2019021520190219826800000004119105320190225070383020306300100000000041190000142000000951829    4                       1         
G0793003000026716    2019021520190219826800000011070105320190215000118022082700100000000110700000142000000963738    4                       1         
G0793003000026716    2019021520190219826600000007158105320190215000375022106000100000000071580000142000000973738    4                       1         
G0793003000026716    2019021520190219826500000004150105320190204070983035777300100000000041500000142000000981829    4                       1         
G0793003000026716    2019021520190219826900000004260105320190215000659018115600100000000042600000142000000991141    4                       1         
G0793003000026716    2019021520190219826000000004200105320190204070727035758700100000000042000000142000001001829    4                       1         
G0793003000026716    2019021520190219826000000004150105320190204070490035741000100000000041500000142000001011829    4                       1         
G0793003000026716    2019021520190219826900000001494105320190225070085020287000100000000014940000142000001021829    4                       1         
G0793003000026716    2019021520190219826100000004100105320180704070327035242900100000000041000000142000001031829    4                       1         
G0793003000026716    2019021520190219826200000005403105320190215000449018097100100000000054030000142000001041141    4                       1         
G0793003000026716    2019021520190219826900000004926105320190215000665018116000100000000049260000142000001051141    4                       1         
G0793003000026716    2019021520190219826000000013650105320190214001510010483000100000000136500000142000001061829    4                       1         
G0793003000026716    2019021520190219826800000006100105320190105005331006757900100000000061000000142000001073863    4                       1         
G0793003000026716    2019021520190219826800000003050105320190105002160006728700100000000030500000142000001083863    4                       1         
G0793003000026716    2019021520190219826000000004700105320181008000010006494000100000000047000000142000001093863    4                       1         
G0793003000026716    2019021520190219826300000010850105320190115000347022031200100000000108500000142000001103738    4                       1         
G0793003000026716    2019021520190219826300000006121105320190215000653022130100100000000061210000142000001113738    4                       1         
G0793003000026716    2019021520190219826600000004200105320190115000564022050600100000000042000000142000001123738    4                       1         
G0793003000026716    2019021520190219826700000004260105320190215000027022074500100000000042600000142000001133738    4                       1         
G0793003000026716    2019021520190219826400000004348105320190215000707022134700100000000043480000142000001143738    4                       1         
G0793003000026716    2019021520190219826500000004260105320190215000809022141300100000000042600000142000001153738    4                       1         
G0793003000026716    2019021520190219826300000004352105320190215000153022085800100000000043520000142000001163738    4                       1         
G0793003000026716    2019021520190219826100000004345105320190215000066022078200100000000043450000142000001173738    4                       1         
G0793003000026716    2019021520190219826100000004200105320190115000282022025500100000000042000000142000001183738    4                       1         
G0793003000026716    2019021520190219826900000004260105320190215000049022076500100000000042600000142000001193738    4                       1         
G0793003000026716    2019021520190219826500000004700105320181105000010006565500100000000047000000142000001203863    4                       1         
G0793003000026716    2019021520190219826300000009800105320190105001280006720700100000000098000000142000001213863    4                       1         
G0793003000026716    2019021520190219826200000008635105320190215000423018094900100000000086350000142000001221141    4                       1         
G0793003000026716    2019021520190219826300000004241105320190215000378022106300100000000042410000142000001233738    4                       1         
G0793003000026716    2019021520190219826500000004815105320190215000200022090100100000000048150000142000001243738    4                       1         
G0793003000026716    2019021520190219826100000010850105320190115000573022051300100000000108500000142000001253738    4                       1         
G0793003000026716    2019021520190219826500000010850105320190215000355022104100100000000108500000142000001263738    4                       1         
G0793003000026716    2019021520190219826900000007300105320190121000159014191100100000000073000000142000001273089    4                       1         
G0793003000026716    2019021520190219826000000003850105320181206000402095551900100000000038500000142000001284481    4                       1         
G0793003000026716    2019021520190219826000000003850105320181107000105000010200100000000038500000142000001294481    4                       1         
G0793003000026716    2019021520190219826700000003850105320181206001143095624800100000000038500000142000001304481    4                       1         
G0793003000026716    2019021520190219826600000003850105320181107000402000039700100000000038500000142000001314481    4                       1         
G0793003000026716    2019021520190219826300000004230105320190225000052024004900100000000042300000142000001321737    4                       1         
G0793003000026716    2019021520190219826200000004230105320190225000620024060200100000000042300000142000001331737    4                       1         
G0793003000026716    2019021520190219826600000004230105320190225000574024055600100000000042300000142000001341737    4                       1         
G0793003000026716    2019021520190219826600000004230105320190225000501024048500100000000042300000142000001351737    4                       1         
G0793003000026716    2019021520190219826900000003850105320181107000097000009400100000000038500000142000001364481    4                       1         
G0793003000026716    2019021520190219826700000003850105320181107001061000105600100000000038500000142000001374481    4                       1         
G0793003000026716    2019021520190219826600000003850105320181107000684000067900100000000038500000142000001384481    4                       1         
G0793003000026716    2019021520190219826900000004230105320190225000549024053200100000000042300000142000001391737    4                       1         
G0793003000026716    2019021520190219826800000004230105320190225000376024036700100000000042300000142000001401737    4                       1         
G0793003000026716    2019021520190219826800000004230105320190225000243024023500100000000042300000142000001411737    4                       1         
G0793003000026716    2019021520190219826600000006554105320190225000040024003700100000000065540000142000001421737    4                       1         
G0793003000026716    2019021520190219826200000003850105320181107000655000065000100000000038500000142000001434481    4                       1         
G0793003000026716    2019021520190219826500000003850105320181107000405000040000100000000038500000142000001444481    4                       1         
G0793003000026716    2019021520190219826400000004230105320190225000611024059300100000000042300000142000001451737    4                       1         
G0793003000026716    2019021520190219826100000004230105320190225000506024049000100000000042300000142000001461737    4                       1         
G0793003000026716    2019021520190219826400000013050105320190201000507000569100100000000130500000142000001471141    4                       1         
G0793003000026716    2019021520190219826300000004300105320190201000740000588200100000000043000000142000001481141    4                       1         
G0793003000026716    2019021520190219826300000010100105320190201000236000546700100000000101000000142000001491141    4                       1         
G0793003000026716    2019021520190219826300000006300105320190103001431000466800100000000063000000142000001501141    4                       1         
G0793003000026716    2019021520190219826500000004200105320190201002010000678600100000000042000000142000001511141    4                       1         
G0793003000026716    2019021520190219826000000004400105320190214001239010465200100000000044000000142000001521829    4                       1         
G0793003000026716    2019021520190219826900000004450105320190201001431000637900100000000044500000142000001531141    4                       1         
G0793003000026716    2019021520190219826100000006250105320190201001907000671300100000000062500000142000001541141    4                       1         
G0793003000026716    2019021520190219826800000004400105320190201001429000637700100000000044000000142000001551141    4                       1         
G0793003000026716    2019021520190219826800000006700105320190201000637000580200100000000067000000142000001561141    4                       1         
G0793003000026716    2019021520190219826100000004230105320190225000479024046300100000000042300000142000001571737    4                       1         
G0793003000026716    2019021520190219826100000004230105320190225000145024013900100000000042300000142000001581737    4                       1         
G0793003000026716    2019021520190219826200000031900105320190214001655010491600100000000319000000142000001591829    4                       1         
G0793003000026716    2019021520190219826100000006100105320190201000173000542200100000000061000000142000001601141    4                       1         
G0793003000026716    2019021520190219826000000004200105320190201000969000606000100000000042000000142000001611141    4                       1         
G0793003000026716    2019021520190219826000000004230105320190225000585024056700100000000042300000142000001621737    4                       1         
G0793003000026716    2019021520190219826500000004200105320190201001336000631400100000000042000000142000001631141    4                       1         
G0793003000026716    2019021520190219826400000004400105320190201001979000676700100000000044000000142000001641141    4                       1         
G0793003000026716    2019021520190219826100000004200105320190201000167000541800100000000042000000142000001651141    4                       1         
G0793003000026716    2019021520190219826300000005600105320190201001089000614600100000000056000000142000001661141    4                       1         
G0793003000026716    2019021520190219826200000005550105320190201000977000606500100000000055500000142000001671141    4                       1         
G0793003000026716    2019021520190219826700000010850105320181101001309000109100100000000108500000142000001681141    4                       1         
G0793003000026716    2019021520190219826600000004200105320190201001804000664000100000000042000000142000001691141    4                       1         
G0793003000026716    2019021520190219826600000004200105320190103000637000527500100000000042000000142000001701141    4                       1         
G0793003000026716    2019021520190219826600000004350105320190201001623000651100100000000043500000142000001711141    4                       1         
G0793003000026716    2019021520190219826100000004400105320190201000613000578500100000000044000000142000001721141    4                       1         
G0793003000026716    2019021520190219826000000006150105320190201001404000636000100000000061500000142000001731141    4                       1         
G0793003000026716    2019021520190219826100000004270105320190304000484002624000100000000042700000142000001741116    4                       1         
G0793003000026716    2019021520190219826300000004150105320190204000156002559000100000000041500000142000001751116    4                       1         
G0793003000026716    2019021520190219826000000004270105320190304000114002604600100000000042700000142000001761116    4                       1         
G0793003000026716    2019021520190219826000000004230105320190304000374002618500100000000042300000142000001771116    4                       1         
G0793003000026716    2019021520190219826300000003961105320190221000464014306400100000000039610000142000001783089    4                       1         
G0793003000026716    2019021520190219826900000004260105320190215000470018099000100000000042600000142000001791141    4                       1         
G0793003000026716    2019021520190219826300000004260105320190215000472018099200100000000042600000142000001801141    4                       1         
G0793003000026716    2019021520190219826500000004260105320190215000034018063700100000000042600000142000001811141    4                       1         
G0793003000026716    2019021520190219826700000005984105320190215000700018118600100000000059840000142000001821141    4                       1         
G0793003000026716    2019021520190219826700000013459105320190215000534018104500100000000134590000142000001831141    4                       1         
G0793003000026716    2019021520190219826800000004260105320190215000439018096200100000000042600000142000001841141    4                       1         
G0793003000026716    2019021520190219826700000004260105320190215000708018119100100000000042600000142000001851141    4                       1         
G0793003000026716    2019021520190219826700000004200105320190115000503018041300100000000042000000142000001861141    4                       1         
G0793003000026716    2019021520190219826500000004815105320190215000076018067000100000000048150000142000001871141    4                       1         
G0793003000026716    2019021520190219826500000004345105320190215000720018120200100000000043450000142000001881141    4                       1         
G0793003000026716    2019021520190219826100000004345105320190215000013018061700100000000043450000142000001891141    4                       1         
G0793003000026716    2019021520190219826500000004200105320190115000642018053700100000000042000000142000001901141    4                       1         
G0793003000026716    2019021520190219826100000004260105320190215000642018114100100000000042600000142000001911141    4                       1         
G0793003000026716    2019021520190219826100000004200105320190115000334018027700100000000042000000142000001921141    4                       1         
G0793003000026716    2019021520190219826000000008819105320190215000289018084200100000000088190000142000001931141    4                       1         
G0793003000026716    2019021520190219826000000004260105320190215000488018100300100000000042600000142000001941141    4                       1         
G0793003000026716    2019021520190219826000000004260105320190215000342018088400100000000042600000142000001951141    4                       1         
G0793003000026716    2019021520190219826000000004200105320190115000328018027200100000000042000000142000001961141    4                       1         
G0793003000026716    2019021520190219826300000001370105320190304000199002609400100000000013700000142000001971116    4                       1         
G0793003000026716    2019021520190219826200000025000105320190204000587002583800100000000250000000142000001981116    4                       1         
G0793003000026716    2019021520190219826200000018256105320190304000342002616900100000000182560000142000001991116    4                       1         
G0793003000026716    2019021520190219826200000004850105320190204000629002586000100000000048500000142000002001116    4                       1         
G0793003000026716    2019021520190219826200000004514105320190304000051002601700100000000045140000142000002011116    4                       1         
G0793003000026716    2019021520190219826200000004391105320190304000494002624500100000000043910000142000002021116    4                       1         
G0793003000026716    2019021520190219826900000006545105320190304000570002629300100000000065450000142000002031116    4                       1         
G0793003000026716    2019021520190219826900000005450105320190204000446002574900100000000054500000142000002041116    4                       1         
G0793003000026716    2019021520190219826900000004270105320190304000179002608100100000000042700000142000002051116    4                       1         
G0793003000026716    2019021520190219826100000004836105320190304000346002617200100000000048360000142000002061116    4                       1         
G0793003000026716    2019021520190219826800000004270105320190304000128002605400100000000042700000142000002071116    4                       1         
G0793003000026716    2019021520190219826800000004270105320190304000035002600700100000000042700000142000002081116    4                       1         
G0793003000026716    2019021520190219826700000005300105320190204000408002573000100000000053000000142000002091116    4                       1         
G0793003000026716    2019021520190219826000000004150105320190204000041002552900100000000041500000142000002101116    4                       1         
G0793003000026716    2019021520190219826600000008440105320190304000219002610900100000000084400000142000002111116    4                       1         
G0793003000026716    2019021520190219826600000004270105320190304000069002602200100000000042700000142000002121116    4                       1         
G0793003000026716    2019021520190219826500000005900105320190204000370002571100100000000059000000142000002131116    4                       1         
G0793003000026716    2019021520190219826400000004820105320190304000201002609600100000000048200000142000002141116    4                       1         
G0793003000026716    2019021520190219826400000004270105320190304000161002607400100000000042700000142000002151116    4                       1         
G0793003000026716    2019021520190219826400000004150105320190204000347002570200100000000041500000142000002161116    4                       1         
G0793003000026716    2019021520190219826400000001370105320190304000205002609900100000000013700000142000002171116    4                       1         
G0793003000026716    2019021520190219826300000008350105320190204000051002553500100000000083500000142000002181116    4                       1         
G0793003000026716    2019021520190219826300000004750105320190204000728002592100100000000047500000142000002191116    4                       1         
G0793003000026716    2019021520190219826100000004400105320190304000046002601500100000000044000000142000002201116    4                       1         
G0793003000026716    2019021520190219826200000004300105320190121000889014255300100000000043000000142000002213089    4                       1         
G0793003000026716    2019021520190219826200000013500105320190121000267014200600100000000135000000142000002223089    4                       1         
G0793003000026716    2019021520190219826200000005496105320190221000752014330900100000000054960000142000002233089    4                       1         
G0793003000026716    2019021520190219826900000006037105320190221000283014289700100000000060370000142000002243089    4                       1         
G0793003000026716    2019021520190219826900000004842105320190221000116014274700100000000048420000142000002253089    4                       1         
G0793003000026716    2019021520190219826900000004402105320190221000581014316600100000000044020000142000002263089    4                       1         
G0793003000026716    2019021520190219826900000004320105320190221000802014335100100000000043200000142000002273089    4                       1         
G0793003000026716    2019021520190219826900000002550105320190121000474014219300100000000025500000142000002283089    4                       1         
G0793003000026716    2019021520190219826900000001351105320190221000206014282700100000000013510000142000002293089    4                       1         
G0793003000026716    2019021520190219826900000001320105320190221000780014333300100000000013200000142000002303089    4                       1         
G0793003000026716    2019021520190219826200000001771105320190221000633014321000100000000017710000142000002313089    4                       1         
G0793003000026716    2019021520190219826100000005475105320190221000659014323400100000000054750000142000002323089    4                       1         
G0793003000026716    2019021520190219826100000004950105320190121000763014245200100000000049500000142000002333089    4                       1         
G0793003000026716    2019021520190219826100000004824105320190221000338014294600100000000048240000142000002343089    4                       1         
G0793003000026716    2019021520190219826800000001383105320190221000098014273000100000000013830000142000002353089    4                       1         
G0793003000026716    2019021520190219826700000004320105320190221000740014330200100000000043200000142000002363089    4                       1         
G0793003000026716    2019021520190219826700000004320105320190221000606014318600100000000043200000142000002373089    4                       1         
G0793003000026716    2019021520190219826700000001300105320190121000707014240700100000000013000000142000002383089    4                       1         
G0793003000026716    2019021520190219826600000005500105320190121000160014191200100000000055000000142000002393089    4                       1         
G0793003000026716    2019021520190219826600000004300105320190121000732014242800100000000043000000142000002403089    4                       1         
G0793003000026716    2019021520190219826600000001414105320190221000903014342800100000000014140000142000002413089    4                       1         
G0793003000026716    2019021520190219826500000004300105320190121000916014257400100000000043000000142000002423089    4                       1         
G0793003000026716    2019021520190219826500000004300105320190121000391014211800100000000043000000142000002433089    4                       1         
G0793003000026716    2019021520190219826600000004320105320190221000313014292400100000000043200000142000002443089    4                       1         
G0793003000026716    2019021520190219826400000004320105320190221000713014328200100000000043200000142000002453089    4                       1         
G0793003000026716    2019021520190219826400000004304105320190221000773014332700100000000043040000142000002463089    4                       1         
G0793003000026716    2019021520190219826400000001300105320190121000331014206200100000000013000000142000002473089    4                       1         
G0793003000026716    2019021520190219826300000004320105320190221000308014291900100000000043200000142000002483089    4                       1         
G0793003000026716    2019021520190219826300000004311105320190221000352014296000100000000043110000142000002493089    4                       1         
G0793003000026716    2019021520190219826100000004436105320190221000525014311700100000000044360000142000002503089    4                       1         
G0793003000026716    2019021520190219826100000004330105320190221000343014295100100000000043300000142000002513089    4                       1         
G0793003000026716    2019021520190219826100000004320105320190221000666014323900100000000043200000142000002523089    4                       1         
G0793003000026716    2019021520190219826100000004320105320190221000489014308600100000000043200000142000002533089    4                       1         
G0793003000026716    2019021520190219826000000010850105320190221000796014334700100000000108500000142000002543089    4                       1         
G0793003000026716    2019021520190219826000000007225105320190221000521014311400100000000072250000142000002553089    4                       1         
G0793003000026716    2019021520190219826000000001300105320190121000960014260900100000000013000000142000002563089    4                       1         
G0793003000026716    2019021520190219826300000001444105320190225070105020288100100000000014440000142000002571829    4                       1         
Z00025900000000001404894                                                                                                                              
