A2201053              HIDROFORTETOCANTINS 104CAIXA ECON. FEDERAL 2019021900155503                                                                     
G0793003000026716    2019021820190219826700000010720105320190221000444014304400100000000107200000142000000013089    2                       1         
G0793003000026716    2019021820190219826000000003850105320181107000578000057300100000000038500000142000000021116    2                       1         
G0793003000026716    2019021820190219826900000006500105300100000071211081679900000000000065000000142000000032525    3                       1         
G0793003000026716    2019021820190219826100000004250105300100000070598081621400000000000042500000142000000041829    3                       1         
G0793003000026716    2019021820190219826400000004350105320190201001388000635000100000000043500000142000000050946    3                       1         
G0793003000026716    2019021820190219826100000004050105320190204070573035746700100000000040500000142000000061829    3                       1         
G0793003000026716    2019021820190219826900000004050105320190204070324035728500100000000040500000142000000073314    3                       1         
G0793003000026716    2019021820190219826100000004248105320190304070324035805800100000000042480000142000000083314    3                       1         
G0793003000026716    2019021820190219826500000004150105320190204070130035714200100000000041500000142000000091829    3                       1         
G0793003000026716    2019021820190219826200000004150105320190204070879035769300100000000041500000142000000101829    3                       1         
G0793003000026716    2019021820190220826500000004200105300100000071682081724300000000000042000000142000000111829    4                       1         
G0793003000026716    2019021820190220826900000004200105300100000071875081742800000000000042000000142000000123939    4                       1         
G0793003000026716    2019021820190220826900000004200105300100000070882081648700000000000042000000142000000133939    4                       1         
G0793003000026716    2019021820190220826500000004200105300100000071388081697300000000000042000000142000000141829    4                       1         
G0793003000026716    2019021820190220826800000009350105300100000071740081729700000000000093500000142000000153939    4                       1         
G0793003000026716    2019021820190220826100000004100105300100000071277081686400000000000041000000142000000163939    4                       1         
G0793003000026716    2019021820190220826400000005400105300100000060700002611700000000000054000000142000000172734    4                       1         
G0793003000026716    2019021820190220826100000003000105300100000070451081607800000000000030000000142000000183939    4                       1         
G0793003000026716    2019021820190220826100000007100105300100000060271002575000000000000071000000142000000193738    4                       1         
G0793003000026716    2019021820190220826900000003850105300100000060594002602000000000000038500000142000000203738    4                       1         
G0793003000026716    2019021820190220826300000003850105300100000060788002620000000000000038500000142000000213738    4                       1         
G0793003000026716    2019021820190220826300000001100105300100000060674002609200000000000011000000142000000223738    4                       1         
G0793003000026716    2019021820190220826900000003750105300100000060461002591200000000000037500000142000000233738    4                       1         
G0793003000026716    2019021820190220826000000006650105300100000060830002623600000000000066500000142000000243738    4                       1         
G0793003000026716    2019021820190220826000000005800105300100000060556002598800000000000058000000142000000253738    4                       1         
G0793003000026716    2019021820190220826100000001300105300100000071753081731000000000000013000000142000000263939    4                       1         
G0793003000026716    2019021820190220826600000001300105300100000070954081655300000000000013000000142000000273939    4                       1         
G0793003000026716    2019021820190220826000000009950105300100000071497081707400000000000099500000142000000283939    4                       1         
G0793003000026716    2019021820190220826300000004300105300100000070461081608800000000000043000000142000000293939    4                       1         
G0793003000026716    2019021820190220826200000004300105300100000071246081683300000000000043000000142000000303939    4                       1         
G0793003000026716    2019021820190220826000000007050105300100000071655081722000000000000070500000142000000313939    4                       1         
G0793003000026716    2019021820190220826000000004200105300100000070840081644900000000000042000000142000000323939    4                       1         
G0793003000026716    2019021820190220826000000003800105300100000060467002591800000000000038000000142000000333738    4                       1         
G0793003000026716    2019021820190220826000000004450105300100000070079035635700000000000044500000142000000341829    4                       1         
G0793003000026716    2019021820190220826000000001250105300100000071698081725800000000000012500000142000000353939    4                       1         
G0793003000026716    2019021820190220826900000003750105300100000060434002588600000000000037500000142000000363738    4                       1         
G0793003000026716    2019021820190220826100000003950105300100000060520002596200000000000039500000142000000373738    4                       1         
G0793003000026716    2019021820190220826900000004650105300100000061236002658700000000000046500000142000000383738    4                       1         
G0793003000026716    2019021820190220826800000004650105300100000061290002662600000000000046500000142000000393738    4                       1         
G0793003000026716    2019021820190220826700000004750105300100000061287002662400000000000047500000142000000403738    4                       1         
G0793003000026716    2019021820190220826100000003800105300100000060075002565100000000000038000000142000000413738    4                       1         
G0793003000026716    2019021820190220826500000004650105300100000061326002665500000000000046500000142000000423738    4                       1         
G0793003000026716    2019021820190220826000000003800105300100000060337002580400000000000038000000142000000433738    4                       1         
G0793003000026716    2019021820190220826300000006700105300100000061180002654300000000000067000000142000000443738    4                       1         
G0793003000026716    2019021820190220826300000005900105300100000060591002601700000000000059000000142000000453738    4                       1         
G0793003000026716    2019021820190220826800000008450105300100000060363002582800000000000084500000142000000463738    4                       1         
G0793003000026716    2019021820190220826800000005800105300100000061333002666200000000000058000000142000000473738    4                       1         
G0793003000026716    2019021820190220826800000005250105300100000070365020278600000000000052500000142000000481829    4                       1         
G0793003000026716    2019021820190220826600000009000105300100000070131020263000000000000090000000142000000491829    4                       1         
G0793003000026716    2019021820190220826600000004050105300100000070082020259700000000000040500000142000000501829    4                       1         
G0793003000026716    2019021820190220826400000006450105300100000070232020269700000000000064500000142000000511829    4                       1         
G0793003000026716    2019021820190220826200000004050105300100000070164020265100000000000040500000142000000521829    4                       1         
G0793003000026716    2019021820190220826200000003850105300100000060658002607700000000000038500000142000000533738    4                       1         
G0793003000026716    2019021820190220826900000004750105300100000060686002610400000000000047500000142000000543738    4                       1         
G0793003000026716    2019021820190220826100000004400105300100000071391081697600000000000044000000142000000553939    4                       1         
G0793003000026716    2019021820190220826700000004100105300100000070348081597800000000000041000000142000000563939    4                       1         
G0793003000026716    2019021820190220826700000001300105300100000071020081661700000000000013000000142000000573939    4                       1         
G0793003000026716    2019021820190220826600000098600105300100000071503081708000000000000986000000142000000583939    4                       1         
G0793003000026716    2019021820190220826600000018850105300100000071088081668300000000000188500000142000000593939    4                       1         
G0793003000026716    2019021820190220826800000004300105300100000071796081735100000000000043000000142000000603939    4                       1         
G0793003000026716    2019021820190220826800000002650105300100000070983081658000000000000026500000142000000613939    4                       1         
G0793003000026716    2019021820190220826400000004100105300100000070252081588700000000000041000000142000000623939    4                       1         
G0793003000026716    2019021820190220826300000010050105300100000070795081640600000000000100500000142000000633939    4                       1         
G0793003000026716    2019021820190220826900000005300105300100000071382081696700000000000053000000142000000643939    4                       1         
G0793003000026716    2019021820190220826700000008550105300100000070404081603300000000000085500000142000000653939    4                       1         
G0793003000026716    2019021820190220826100000004800105300100000071716081727500000000000048000000142000000663939    4                       1         
G0793003000026716    2019021820190220826800000004200105300100000071387081697200000000000042000000142000000673939    4                       1         
G0793003000026716    2019021820190220826800000003750105300100000060827002623300000000000037500000142000000683738    4                       1         
G0793003000026716    2019021820190220826700000003900105300100000060672002609000000000000039000000142000000693738    4                       1         
G0793003000026716    2019021820190220826000000004400105320190201001693000655900100000000044000000142000000701141    4                       1         
G0793003000026716    2019021820190220826800000004230105320190225000343024033400100000000042300000142000000711737    4                       1         
G0793003000026716    2019021820190220826800000004230105320190225000240024023200100000000042300000142000000721737    4                       1         
G0793003000026716    2019021820190220826800000004230105320190225000198024019100100000000042300000142000000731737    4                       1         
G0793003000026716    2019021820190220826700000004811105320190225000130024012400100000000048110000142000000741737    4                       1         
G0793003000026716    2019021820190220826700000004230105320190225000495024047900100000000042300000142000000751737    4                       1         
G0793003000026716    2019021820190220826700000004230105320190225000331024032200100000000042300000142000000761737    4                       1         
G0793003000026716    2019021820190220826700000004230105320190225000325024031600100000000042300000142000000771737    4                       1         
G0793003000026716    2019021820190220826600000004230105320190225000664024064600100000000042300000142000000781737    4                       1         
G0793003000026716    2019021820190220826400000004230105320190225000602024058400100000000042300000142000000791737    4                       1         
G0793003000026716    2019021820190220826400000004230105320190225000565024054800100000000042300000142000000801737    4                       1         
G0793003000026716    2019021820190220826400000004230105320190225000478024046200100000000042300000142000000811737    4                       1         
G0793003000026716    2019021820190220826400000004230105320190225000371024036200100000000042300000142000000821737    4                       1         
G0793003000026716    2019021820190220826400000004230105320190225000034024003100100000000042300000142000000831737    4                       1         
G0793003000026716    2019021820190220826000000004300105320190201001289000628200100000000043000000142000000841141    4                       1         
G0793003000026716    2019021820190220826000000004300105320190214000599010422600100000000043000000142000000851829    4                       1         
G0793003000026716    2019021820190220826900000004230105320190225000633024061500100000000042300000142000000861737    4                       1         
G0793003000026716    2019021820190220826700000001250105320190204070529035783100100000000012500000142000000871829    4                       1         
G0793003000026716    2019021820190220826800000005800105320190214000127010390300100000000058000000142000000881829    4                       1         
G0793003000026716    2019021820190220826800000004200105320190114000592010298700100000000042000000142000000891829    4                       1         
G0793003000026716    2019021820190220826800000001300105320190214000719010431700100000000013000000142000000901829    4                       1         
G0793003000026716    2019021820190220826700000023950105320190204070431035736200100000000239500000142000000911829    4                       1         
G0793003000026716    2019021820190220826600000012600105320190214001739010496800100000000126000000142000000921829    4                       1         
G0793003000026716    2019021820190220826600000011900105320190214001324010470800100000000119000000142000000931829    4                       1         
G0793003000026716    2019021820190220826600000007850105320190114000669010304600100000000078500000142000000941829    4                       1         
G0793003000026716    2019021820190220826600000007400105320190214000073010386400100000000074000000142000000951829    4                       1         
G0793003000026716    2019021820190220826600000004300105320190214001530010484100100000000043000000142000000961829    4                       1         
G0793003000026716    2019021820190220826600000004200105320190214001320010470600100000000042000000142000000971829    4                       1         
G0793003000026716    2019021820190220826400000005350105320190214000976010449800100000000053500000142000000981829    4                       1         
G0793003000026716    2019021820190220826400000004400105320190214001417010477000100000000044000000142000000991829    4                       1         
G0793003000026716    2019021820190220826900000004230105320190225000482024046600100000000042300000142000001001737    4                       1         
G0793003000026716    2019021820190220826900000004230105320190225000221024021400100000000042300000142000001011737    4                       1         
G0793003000026716    2019021820190220826100000004230105320190225000457024044200100000000042300000142000001021737    4                       1         
G0793003000026716    2019021820190220826100000004230105320190225000276024026700100000000042300000142000001031737    4                       1         
G0793003000026716    2019021820190220826500000007135105320190225000030024002700100000000071350000142000001041737    4                       1         
G0793003000026716    2019021820190220826000000008460105320190225000277024026800100000000084600000142000001051737    4                       1         
G0793003000026716    2019021820190220826000000007135105320190225000294024028500100000000071350000142000001061737    4                       1         
G0793003000026716    2019021820190220826300000005392105320190225000211024020400100000000053920000142000001071737    4                       1         
G0793003000026716    2019021820190220826300000004230105320190225000381024037100100000000042300000142000001081737    4                       1         
G0793003000026716    2019021820190220826200000006554105320190225000439024042500100000000065540000142000001091737    4                       1         
G0793003000026716    2019021820190220826200000004230105320190225000429024041500100000000042300000142000001101737    4                       1         
G0793003000026716    2019021820190220826500000004230105320190225000608024059000100000000042300000142000001111737    4                       1         
G0793003000026716    2019021820190220826500000004230105320190225000547024053000100000000042300000142000001121737    4                       1         
G0793003000026716    2019021820190220826000000004230105320190225000681024066300100000000042300000142000001131737    4                       1         
G0793003000026716    2019021820190220826000000004230105320190225000576024055800100000000042300000142000001141737    4                       1         
G0793003000026716    2019021820190220826100000016550105320190103070431035660000100000000165500000142000001151829    4                       1         
G0793003000026716    2019021820190220826300000003900105320190204061201002656200100000000039000000142000001163738    4                       1         
G0793003000026716    2019021820190220826100000004191105320190304070928035849100100000000041910000142000001171829    4                       1         
G0793003000026716    2019021820190220826100000004850105320190205004050006816600100000000048500000142000001183863    4                       1         
G0793003000026716    2019021820190220826100000008600105320190114000326010281500100000000086000000142000001191829    4                       1         
G0793003000026716    2019021820190220826500000004158105320190304070426035812900100000000041580000142000001201829    4                       1         
G0793003000026716    2019021820190220826500000004090105320190304070416035812100100000000040900000142000001211829    4                       1         
G0793003000026716    2019021820190220826500000004050105320190204070345035729900100000000040500000142000001221829    4                       1         
G0793003000026716    2019021820190220826900000004160105320190225070124020289400100000000041600000142000001231829    4                       1         
G0793003000026716    2019021820190220826900000009450105320190214000772010436200100000000094500000142000001241829    4                       1         
G0793003000026716    2019021820190220826900000008750105320190214000997010451100100000000087500000142000001251829    4                       1         
G0793003000026716    2019021820190220826900000006600105320190214000793010438100100000000066000000142000001261829    4                       1         
G0793003000026716    2019021820190220826800000009500105320190214000015010382300100000000095000000142000001271829    4                       1         
G0793003000026716    2019021820190220826600000004200105320190114001216010340900100000000042000000142000001281829    4                       1         
G0793003000026716    2019021820190220826500000019400105320181203070431035582700100000000194000000142000001291829    4                       1         
G0793003000026716    2019021820190220826500000013700105320190214001753010497700100000000137000000142000001301829    4                       1         
G0793003000026716    2019021820190220826200000008400105320190204070817035764700100000000084000000142000001311829    4                       1         
G0793003000026716    2019021820190220826000000004090105320190304070587035824300100000000040900000142000001321829    4                       1         
G0793003000026716    2019021820190220826800000004090105320190304071003035854700100000000040900000142000001331829    4                       1         
G0793003000026716    2019021820190220826900000004150105320190204070865035768300100000000041500000142000001341829    4                       1         
G0793003000026716    2019021820190220826800000009000105320190204070186035717100100000000090000000142000001351829    4                       1         
G0793003000026716    2019021820190220826600000004144105320190304070387035809800100000000041440000142000001361829    4                       1         
G0793003000026716    2019021820190220826300000005400105320190204070468035739200100000000054000000142000001371829    4                       1         
G0793003000026716    2019021820190220826400000009085105320190304070223035797500100000000090850000142000001381829    4                       1         
G0793003000026716    2019021820190220826500000004800105320190114001511010360500100000000048000000142000001391829    4                       1         
G0793003000026716    2019021820190220826800000005194105320190304070231035798100100000000051940000142000001401829    4                       1         
G0793003000026716    2019021820190220826200000001250105320190204070728035758800100000000012500000142000001411829    4                       1         
G0793003000026716    2019021820190220826600000004150105320190204070892035769700100000000041500000142000001421829    4                       1         
G0793003000026716    2019021820190220826000000010350105320190214000050010384800100000000103500000142000001431829    4                       1         
G0793003000026716    2019021820190220826800000001338105320190304070551035822000100000000013380000142000001441829    4                       1         
G0793003000026716    2019021820190220826600000010031105320190304070384035809600100000000100310000142000001451829    4                       1         
G0793003000026716    2019021820190220826200000004150105320190204070670035753700100000000041500000142000001461829    4                       1         
G0793003000026716    2019021820190220826200000004090105320190304070417035812200100000000040900000142000001471829    4                       1         
G0793003000026716    2019021820190220826600000007100105320190204070439035736900100000000071000000142000001481829    4                       1         
G0793003000026716    2019021820190220826000000013120105320190304070297035803800100000000131200000142000001491829    4                       1         
G0793003000026716    2019021820190220826300000004050105320190204070842035766600100000000040500000142000001501829    4                       1         
G0793003000026716    2019021820190220826300000004350105320190214001422010477200100000000043500000142000001511829    4                       1         
G0793003000026716    2019021820190220826500000004200105320190214000985010450300100000000042000000142000001521829    4                       1         
G0793003000026716    2019021820190220826200000004300105320190214001453010479300100000000043000000142000001531829    4                       1         
G0793003000026716    2019021820190220826500000004300105320190214000804010439000100000000043000000142000001541829    4                       1         
G0793003000026716    2019021820190220826500000004300105320190214000316010403600100000000043000000142000001551829    4                       1         
G0793003000026716    2019021820190220826500000004200105320190114001354010349600100000000042000000142000001561829    4                       1         
G0793003000026716    2019021820190220826400000001250105320190204070582035747200100000000012500000142000001571829    4                       1         
G0793003000026716    2019021820190220826000000004200105320181203000899000256700100000000042000000142000001581141    4                       1         
G0793003000026716    2019021820190220826700000004400105320190201000467000565800100000000044000000142000001591141    4                       1         
G0793003000026716    2019021820190220826700000004200105320190201001499000696500100000000042000000142000001601141    4                       1         
G0793003000026716    2019021820190220826600000007100105320190205002420006801600100000000071000000142000001613863    4                       1         
G0793003000026716    2019021820190220826500000003100105320190205005612006836600100000000031000000142000001623863    4                       1         
G0793003000026716    2019021820190220826600000004400105320190201000742000588400100000000044000000142000001631141    4                       1         
G0793003000026716    2019021820190220826600000004350105320190201001658000653400100000000043500000142000001641141    4                       1         
G0793003000026716    2019021820190220826600000004300105320190201000924000602500100000000043000000142000001651141    4                       1         
G0793003000026716    2019021820190220826600000004300105320190201000407000560800100000000043000000142000001661141    4                       1         
G0793003000026716    2019021820190220826600000004300105320190201000352000556400100000000043000000142000001671141    4                       1         
G0793003000026716    2019021820190220826600000004300105320190201000201000544300100000000043000000142000001681141    4                       1         
G0793003000026716    2019021820190220826400000008800105320190201001563000646500100000000088000000142000001691141    4                       1         
G0793003000026716    2019021820190220826400000004200105320190103000196000373500100000000042000000142000001701141    4                       1         
G0793003000026716    2019021820190220826200000004200105320181101000899000075700100000000042000000142000001711141    4                       1         
G0793003000026716    2019021820190220826300000010400105320190201000605000577800100000000104000000142000001721141    4                       1         
G0793003000026716    2019021820190220826900000009350105320181217001606000310600100000000093500000142000001731141    4                       1         
G0793003000026716    2019021820190220826900000004300105320190201001870000668500100000000043000000142000001741141    4                       1         
G0793003000026716    2019021820190220826900000004200105320190201001432000638000100000000042000000142000001751141    4                       1         
G0793003000026716    2019021820190220826300000006050105320190201001248000626000100000000060500000142000001761141    4                       1         
G0793003000026716    2019021820190220826300000004400105320190201001083000614200100000000044000000142000001771141    4                       1         
G0793003000026716    2019021820190220826500000004350105320190201001864000668100100000000043500000142000001781141    4                       1         
G0793003000026716    2019021820190220826300000004200105320190201000733000587700100000000042000000142000001791141    4                       1         
G0793003000026716    2019021820190220826300000004200105320190201000103000537400100000000042000000142000001801141    4                       1         
G0793003000026716    2019021820190220826200000012650105320190201000543000572500100000000126500000142000001811141    4                       1         
G0793003000026716    2019021820190220826200000011250105320190201001782000662300100000000112500000142000001821141    4                       1         
G0793003000026716    2019021820190220826200000011100105320190201000520000570400100000000111000000142000001831141    4                       1         
G0793003000026716    2019021820190220826200000007100105320190201001373000634300100000000071000000142000001841141    4                       1         
G0793003000026716    2019021820190220826200000006650105320190103001606000478900100000000066500000142000001851141    4                       1         
G0793003000026716    2019021820190220826500000004200105320190201001573000647100100000000042000000142000001861141    4                       1         
G0793003000026716    2019021820190220826500000004200105320190201000411000561100100000000042000000142000001871141    4                       1         
G0793003000026716    2019021820190220826500000004200105320190103000899000429200100000000042000000142000001881141    4                       1         
G0793003000026716    2019021820190220826400000004050105320190205002890006805900100000000040500000142000001893863    4                       1         
G0793003000026716    2019021820190220826800000005365105320190225070290020300100100000000053650000142000001901829    4                       1         
G0793003000026716    2019021820190220826900000004300105320190121000875014254300100000000043000000142000001913089    4                       1         
G0793003000026716    2019021820190220826300000004818105320190215000770022139200100000000048180000142000001923738    4                       1         
G0793003000026716    2019021820190220826800000004282105320190225070164020291900100000000042820000142000001931829    4                       1         
G0793003000026716    2019021820190220826500000004260105320190215000780022140000100000000042600000142000001943738    4                       1         
G0793003000026716    2019021820190220826500000006003105320190215000485022115300100000000060030000142000001953738    4                       1         
G0793003000026716    2019021820190220826900000004800105320190115000423022038100100000000048000000142000001963738    4                       1         
G0793003000026716    2019021820190220826400000004260105320190215000496022116300100000000042600000142000001973738    4                       1         
G0793003000026716    2019021820190220826100000004416105320190221000085014271900100000000044160000142000001983089    4                       1         
G0793003000026716    2019021820190220826400000004260105320190215000141022084600100000000042600000142000001993738    4                       1         
G0793003000026716    2019021820190220826100000004320105320190221000794014334500100000000043200000142000002003089    4                       1         
G0793003000026716    2019021820190220826100000004282105320190221000358014296500100000000042820000142000002013089    4                       1         
G0793003000026716    2019021820190220826900000004200105320190121000563014227400100000000042000000142000002023089    4                       1         
G0793003000026716    2019021820190220826900000001382105320190221000895014342100100000000013820000142000002033089    4                       1         
G0793003000026716    2019021820190220826800000011100105320190121000222014196700100000000111000000142000002043089    4                       1         
G0793003000026716    2019021820190220826600000004200105320181121000400014038300100000000042000000142000002053089    4                       1         
G0793003000026716    2019021820190220826500000011450105320190121000327014205800100000000114500000142000002063089    4                       1         
G0793003000026716    2019021820190220826500000008002105320190221000473014307200100000000080020000142000002073089    4                       1         
G0793003000026716    2019021820190220826500000007058105320190221000753014331000100000000070580000142000002083089    4                       1         
G0793003000026716    2019021820190220826500000006720105320190221000494014309100100000000067200000142000002093089    4                       1         
G0793003000026716    2019021820190220826500000005463105320190221000721014328800100000000054630000142000002103089    4                       1         
G0793003000026716    2019021820190220826500000004372105320190221000296014290900100000000043720000142000002113089    4                       1         
G0793003000026716    2019021820190220826300000007035105320190221000790014334100100000000070350000142000002123089    4                       1         
G0793003000026716    2019021820190220826200000004348105320190215000521022118500100000000043480000142000002133738    4                       1         
G0793003000026716    2019021820190220826300000004600105320190121000254014199400100000000046000000142000002143089    4                       1         
G0793003000026716    2019021820190220826300000004332105320190221000532014312400100000000043320000142000002153089    4                       1         
G0793003000026716    2019021820190220826300000004323105320190221000470014307000100000000043230000142000002163089    4                       1         
G0793003000026716    2019021820190220826300000004320105320190221000062014269600100000000043200000142000002173089    4                       1         
G0793003000026716    2019021820190220826300000001386105320190221000762014331800100000000013860000142000002183089    4                       1         
G0793003000026716    2019021820190220826700000004200105320190225070222020295700100000000042000000142000002191829    4                       1         
G0793003000026716    2019021820190220826100000004142105320190225070081020286600100000000041420000142000002201829    4                       1         
G0793003000026716    2019021820190220826300000001446105320190225070090020287400100000000014460000142000002211829    4                       1         
G0793003000026716    2019021820190220826200000004346105320190215000836022143100100000000043460000142000002223738    4                       1         
G0793003000026716    2019021820190220826200000001513105320190225070375020305500100000000015130000142000002231829    4                       1         
G0793003000026716    2019021820190220826100000004271105320190225070082020286700100000000042710000142000002241829    4                       1         
G0793003000026716    2019021820190220826200000003200105320190205000850006787300100000000032000000142000002253863    4                       1         
G0793003000026716    2019021820190220826200000003100105320190205005920006844600100000000031000000142000002263863    4                       1         
G0793003000026716    2019021820190220826900000003200105320190205005532006830500100000000032000000142000002273863    4                       1         
G0793003000026716    2019021820190220826000000012000105320190205005905006844300100000000120000000142000002283863    4                       1         
G0793003000026716    2019021820190220826000000004300105320190205003590006812600100000000043000000142000002293863    4                       1         
G0793003000026716    2019021820190220826500000004200105320190115000581018048300100000000042000000142000002301141    4                       1         
G0793003000026716    2019021820190220826100000008628105320190215000721018120300100000000086280000142000002311141    4                       1         
G0793003000026716    2019021820190220826700000005545105320190215000029018063200100000000055450000142000002321141    4                       1         
G0793003000026716    2019021820190220826800000004260105320190215000367018090300100000000042600000142000002331141    4                       1         
G0793003000026716    2019021820190220826700000012884105320190215000714018119600100000000128840000142000002341141    4                       1         
G0793003000026716    2019021820190220826600000004841105320190215000389018092400100000000048410000142000002351141    4                       1         
G0793003000026716    2019021820190220826600000011070105320190215000162018074000100000000110700000142000002361141    4                       1         
G0793003000026716    2019021820190220826600000004260105320190215000673018116800100000000042600000142000002371141    4                       1         
G0793003000026716    2019021820190220826300000005422105320190215000603018110600100000000054220000142000002381141    4                       1         
G0793003000026716    2019021820190220826900000004260105320190215000563018106900100000000042600000142000002391141    4                       1         
G0793003000026716    2019021820190220826900000006000105320190215000280018083400100000000060000000142000002401141    4                       1         
G0793003000026716    2019021820190220826100000004260105320190215000529018104100100000000042600000142000002411141    4                       1         
G0793003000026716    2019021820190220826100000004260105320190215000146018072600100000000042600000142000002421141    4                       1         
G0793003000026716    2019021820190220826800000021286105320190215000057018065300100000000212860000142000002431141    4                       1         
G0793003000026716    2019021820190220826500000004400105320190201001814000664800100000000044000000142000002441141    4                       1         
G0793003000026716    2019021820190220826200000004348105320190215000357018089600100000000043480000142000002451141    4                       1         
G0793003000026716    2019021820190220826200000005350105320190115000105018008900100000000053500000142000002461141    4                       1         
G0793003000026716    2019021820190220826200000004260105320190215000701018118700100000000042600000142000002471141    4                       1         
G0793003000026716    2019021820190220826800000004150105320190204000808002598000100000000041500000142000002481116    4                       1         
G0793003000026716    2019021820190220826700000007150105320190204000687002589500100000000071500000142000002491116    4                       1         
G0793003000026716    2019021820190220826500000004150105320190204000719002591400100000000041500000142000002501116    4                       1         
G0793003000026716    2019021820190220826700000006570105320190304000244002612500100000000065700000142000002511116    4                       1         
G0793003000026716    2019021820190220826700000004259105320190304000304002615400100000000042590000142000002521116    4                       1         
G0793003000026716    2019021820190220826600000010700105320190204000303002568000100000000107000000142000002531116    4                       1         
G0793003000026716    2019021820190220826600000004820105320190304000147002606500100000000048200000142000002541116    4                       1         
G0793003000026716    2019021820190220826600000004270105320190304000631002632800100000000042700000142000002551116    4                       1         
G0793003000026716    2019021820190220826600000004270105320190304000187002608700100000000042700000142000002561116    4                       1         
G0793003000026716    2019021820190220826400000005970105320190304000228002611600100000000059700000142000002571116    4                       1         
G0793003000026716    2019021820190220826400000004820105320190304000042002601200100000000048200000142000002581116    4                       1         
G0793003000026716    2019021820190220826400000004354105320190304000673002635200100000000043540000142000002591116    4                       1         
G0793003000026716    2019021820190220826400000004270105320190304000402002619600100000000042700000142000002601116    4                       1         
G0793003000026716    2019021820190220826400000004270105320190304000217002610800100000000042700000142000002611116    4                       1         
G0793003000026716    2019021820190220826400000004270105320190304000157002607200100000000042700000142000002621116    4                       1         
G0793003000026716    2019021820190220826400000004270105320190304000105002604000100000000042700000142000002631116    4                       1         
G0793003000026716    2019021820190220826100000004793105320190225070264020298000100000000047930000142000002641829    4                       1         
G0793003000026716    2019021820190220826100000004160105320190225070404020307700100000000041600000142000002651829    4                       1         
G0793003000026716    2019021820190220826400000004150105320190204000151002558700100000000041500000142000002661116    4                       1         
G0793003000026716    2019021820190220826200000004150105320190204000508002578600100000000041500000142000002671116    4                       1         
G0793003000026716    2019021820190220826200000004150105320190204000463002575900100000000041500000142000002681116    4                       1         
G0793003000026716    2019021820190220826800000006750105320190214001524010483900100000000067500000142000002691829    4                       1         
G0793003000026716    2019021820190220826400000003850105320181206000404095552100100000000038500000142000002704481    4                       1         
G0793003000026716    2019021820190220826500000003850105320181206000438095555400100000000038500000142000002714481    4                       1         
G0793003000026716    2019021820190220826500000003850105320181107000591000058600100000000038500000142000002724481    4                       1         
G0793003000026716    2019021820190220826500000003850105320181107000333000032800100000000038500000142000002734481    4                       1         
G0793003000026716    2019021820190220826400000003850105320181206000538095565300100000000038500000142000002744481    4                       1         
G0793003000026716    2019021820190220826900000005300105320190204000770002595100100000000053000000142000002751116    4                       1         
G0793003000026716    2019021820190220826900000004270105320190304000566002628900100000000042700000142000002761116    4                       1         
G0793003000026716    2019021820190220826900000004270105320190304000476002623600100000000042700000142000002771116    4                       1         
G0793003000026716    2019021820190220826900000004270105320190304000138002605700100000000042700000142000002781116    4                       1         
G0793003000026716    2019021820190220826900000003850105320181107000455000045000100000000038500000142000002794481    4                       1         
G0793003000026716    2019021820190220826000000003850105320181206000424095554000100000000038500000142000002804481    4                       1         
G0793003000026716    2019021820190220826700000004050105320190204070462035738600100000000040500000142000002811829    4                       1         
G0793003000026716    2019021820190220826400000006500105320190201001481000641100100000000065000000142000002822525    4                       1         
G0793003000026716    2019021820190220826800000004811105320190225000372024036300100000000048110000142000002831737    4                       1         
G0793003000026716    2019021820190220826800000003850105320181206000333095545200100000000038500000142000002844481    4                       1         
G0793003000026716    2019021820190220826700000003850105320181107000438000043300100000000038500000142000002854481    4                       1         
G0793003000026716    2019021820190220826100000004270105320190304000284002614200100000000042700000142000002861116    4                       1         
G0793003000026716    2019021820190220826500000008550105320190204000469002576300100000000085500000142000002871116    4                       1         
G0793003000026716    2019021820190220826300000004250105320190204000663002588000100000000042500000142000002881116    4                       1         
G0793003000026716    2019021820190220826500000004357105320190304000514002625700100000000043570000142000002891116    4                       1         
G0793003000026716    2019021820190220826200000005972105320190304000458002622500100000000059720000142000002901116    4                       1         
G0793003000026716    2019021820190220826200000004270105320190304000620002632200100000000042700000142000002911116    4                       1         
G0793003000026716    2019021820190220826500000004270105320190304000602002631200100000000042700000142000002921116    4                       1         
G0793003000026716    2019021820190220826500000004258105320190304000394002619400100000000042580000142000002931116    4                       1         
G0793003000026716    2019021820190220826500000004205105320190304000512002625500100000000042050000142000002941116    4                       1         
G0793003000026716    2019021820190220826000000004750105320190204000061002553800100000000047500000142000002951116    4                       1         
G0793003000026716    2019021820190220826800000006076105320190221000271014288600100000000060760000142000002963089    4                       1         
G0793003000026716    2019021820190220826800000004600105320190121000831014251000100000000046000000142000002973089    4                       1         
G0793003000026716    2019021820190220826800000004472105320190221000554014314200100000000044720000142000002983089    4                       1         
G0793003000026716    2019021820190220826700000009950105320190121000360014208900100000000099500000142000002993089    4                       1         
G0793003000026716    2019021820190220826700000008950105320190121000660014236200100000000089500000142000003003089    4                       1         
G0793003000026716    2019021820190220826700000007339105320190221000134014276300100000000073390000142000003013089    4                       1         
G0793003000026716    2019021820190220826700000004669105320190221000574014316100100000000046690000142000003023089    4                       1         
G0793003000026716    2019021820190220826700000004325105320190221000760014331600100000000043250000142000003033089    4                       1         
G0793003000026716    2019021820190220826700000004260105320190221000703014327300100000000042600000142000003043089    4                       1         
G0793003000026716    2019021820190220826600000009050105320190121000626014232900100000000090500000142000003053089    4                       1         
G0793003000026716    2019021820190220826600000004200105320190121000085014184500100000000042000000142000003063089    4                       1         
G0793003000026716    2019021820190220826700000004330105320190221000883014341300100000000043300000142000003073089    4                       1         
G0793003000026716    2019021820190220826500000001408105320190221000741014330300100000000014080000142000003083089    4                       1         
G0793003000026716    2019021820190220826500000001390105320190221000658014323300100000000013900000142000003093089    4                       1         
G0793003000026716    2019021820190220826500000001300105320190121000665014236600100000000013000000142000003103089    4                       1         
G0793003000026716    2019021820190220826400000004426105320190221000935014345400100000000044260000142000003113089    4                       1         
G0793003000026716    2019021820190220826000000005600105320190121000079014183900100000000056000000142000003123089    4                       1         
G0793003000026716    2019021820190220826400000004411105320190221000674014324700100000000044110000142000003133089    4                       1         
G0793003000026716    2019021820190220826400000004350105320190121000169014192000100000000043500000142000003143089    4                       1         
G0793003000026716    2019021820190220826400000001360105320190221000088014272200100000000013600000142000003153089    4                       1         
G0793003000026716    2019021820190220826300000009409105320190221000026014266200100000000094090000142000003163089    4                       1         
G0793003000026716    2019021820190220826900000005000105320190121000328014205900100000000050000000142000003173089    4                       1         
G0793003000026716    2019021820190220826900000004977105320190221000681014325300100000000049770000142000003183089    4                       1         
G0793003000026716    2019021820190220826900000004320105320190221000126014275600100000000043200000142000003193089    4                       1         
G0793003000026716    2019021820190220826900000004312105320190221000846014338800100000000043120000142000003203089    4                       1         
Z00032200000000001805758                                                                                                                              
