A2201053              HIDROFORTETOCANTINS 104CAIXA ECON. FEDERAL 2019022000155603                                                                     
G0793003000026716    2019021920190220826900000003100105320190205005586006834600100000000031000000142000000010647    3                       1         
G0793003000026716    2019021920190221826600000004300105320190214001147010459400100000000043000000142000000021829    4                       1         
G0793003000026716    2019021920190221826300000004150105300100000070274020271900000000000041500000142000000031829    4                       1         
G0793003000026716    2019021920190221826700000001300105300100000070332020276700000000000013000000142000000041829    4                       1         
G0793003000026716    2019021920190221826500000007200105300100000061151002651700000000000072000000142000000053738    4                       1         
G0793003000026716    2019021920190221826500000003750105300100000060641002606200000000000037500000142000000063738    4                       1         
G0793003000026716    2019021920190221826500000002650105300100000060745002616000000000000026500000142000000073738    4                       1         
G0793003000026716    2019021920190221826500000008200105300100000061267002661100000000000082000000142000000083738    4                       1         
G0793003000026716    2019021920190221826000000003900105300100000061121002649200000000000039000000142000000093738    4                       1         
G0793003000026716    2019021920190221826900000009150105300100000060270002574900000000000091500000142000000103738    4                       1         
G0793003000026716    2019021920190221826600000004350105300100000060229002571300000000000043500000142000000113738    4                       1         
G0793003000026716    2019021920190221826600000002200105300100000060519002596100000000000022000000142000000123738    4                       1         
G0793003000026716    2019021920190221826000000003750105300100000060030002563900000000000037500000142000000133738    4                       1         
G0793003000026716    2019021920190221826900000003850105300100000060692002611000000000000038500000142000000143738    4                       1         
G0793003000026716    2019021920190221826400000003750105300100000061057002643700000000000037500000142000000153738    4                       1         
G0793003000026716    2019021920190221826700000003750105300100000060589002601500000000000037500000142000000163738    4                       1         
G0793003000026716    2019021920190221826800000003900105300100000060758002617300000000000039000000142000000173738    4                       1         
G0793003000026716    2019021920190221826700000001150105300100000060752002616700000000000011500000142000000183738    4                       1         
G0793003000026716    2019021920190221826300000001100105300100000060668002608600000000000011000000142000000193738    4                       1         
G0793003000026716    2019021920190221826300000003800105300100000060030002458200000000000038000000142000000203738    4                       1         
G0793003000026716    2019021920190221826700000003750105300100000061213002657300000000000037500000142000000213738    4                       1         
G0793003000026716    2019021920190221826600000010650105300100000000560006713600000000000106500000142000000223863    4                       1         
G0793003000026716    2019021920190221826100000007100105300100000061311002664100000000000071000000142000000233738    4                       1         
G0793003000026716    2019021920190221826400000008500105300100000071275081686200000000000085000000142000000243939    4                       1         
G0793003000026716    2019021920190221826400000005350105300100000061126002649700000000000053500000142000000253089    4                       1         
G0793003000026716    2019021920190221826200000001300105300100000070436081606400000000000013000000142000000263939    4                       1         
G0793003000026716    2019021920190221826300000001300105300100000070356081598600000000000013000000142000000273939    4                       1         
G0793003000026716    2019021920190221826900000004550105300100000071758081731400000000000045500000142000000283939    4                       1         
G0793003000026716    2019021920190221826500000004100105300100000071251081683800000000000041000000142000000293939    4                       1         
G0793003000026716    2019021920190221826400000004200105300100000071938081749000000000000042000000142000000303939    4                       1         
G0793003000026716    2019021920190221826400000004100105300100000070729081634200000000000041000000142000000313939    4                       1         
G0793003000026716    2019021920190221826400000004050105300100000070967081656400000000000040500000142000000323939    4                       1         
G0793003000026716    2019021920190221826300000009150105300100000071977081752300000000000091500000142000000333939    4                       1         
G0793003000026716    2019021920190221826800000004200105300100000070280081591500000000000042000000142000000343939    4                       1         
G0793003000026716    2019021920190221826800000004100105300100000071424081354200000000000041000000142000000353939    4                       1         
G0793003000026716    2019021920190221826700000004250105300100000070730081634300000000000042500000142000000363939    4                       1         
G0793003000026716    2019021920190221826400000001250105300100000071933081748500000000000012500000142000000373939    4                       1         
G0793003000026716    2019021920190221826400000001250105300100000071765081732100000000000012500000142000000383939    4                       1         
G0793003000026716    2019021920190221826200000003750105300100000071078081667300000000000037500000142000000393939    4                       1         
G0793003000026716    2019021920190221826100000004200105300100000071113081670600000000000042000000142000000403939    4                       1         
G0793003000026716    2019021920190221826100000004100105300100000070568081618500000000000041000000142000000413939    4                       1         
G0793003000026716    2019021920190221826500000001300105300100000071107081670100000000000013000000142000000423939    4                       1         
G0793003000026716    2019021920190221826400000011400105300100000070484081610900000000000114000000142000000433939    4                       1         
G0793003000026716    2019021920190221826100000004950105300100000061152002651800000000000049500000142000000443738    4                       1         
G0793003000026716    2019021920190221826500000003750105300100000060942002633800000000000037500000142000000453738    4                       1         
G0793003000026716    2019021920190221826500000001100105300100000061179002654200000000000011000000142000000463738    4                       1         
G0793003000026716    2019021920190221826300000004350105300100000071424081181700000000000043500000142000000473939    4                       1         
G0793003000026716    2019021920190221826300000004200105300100000070381081601100000000000042000000142000000483939    4                       1         
G0793003000026716    2019021920190221826300000004100105300100000071871081742400000000000041000000142000000493939    4                       1         
G0793003000026716    2019021920190221826600000004100105300100000071424081582000000000000041000000142000000503939    4                       1         
G0793003000026716    2019021920190221826600000004100105300100000070523081614200000000000041000000142000000513939    4                       1         
G0793003000026716    2019021920190221826600000003700105300100000071933081575900000000000037000000142000000523939    4                       1         
G0793003000026716    2019021920190221826000000001250105300100000070858081646500000000000012500000142000000533939    4                       1         
G0793003000026716    2019021920190221826300000003800105300100000060651002607100000000000038000000142000000543738    4                       1         
G0793003000026716    2019021920190221826500000007950105320190114000633010301900100000000079500000142000000551829    4                       1         
G0793003000026716    2019021920190221826800000005450105320190201002164000689700100000000054500000142000000561141    4                       1         
G0793003000026716    2019021920190221826100000004300105320190201000871000598700100000000043000000142000000571141    4                       1         
G0793003000026716    2019021920190221826900000005600105320190201000085000535900100000000056000000142000000581141    4                       1         
G0793003000026716    2019021920190221826900000004500105320190201000875000599000100000000045000000142000000591141    4                       1         
G0793003000026716    2019021920190221826900000004300105320190201001809000664500100000000043000000142000000601141    4                       1         
G0793003000026716    2019021920190221826000000005550105320190201001670000654100100000000055500000142000000611141    4                       1         
G0793003000026716    2019021920190221826000000004400105320190201000192000543600100000000044000000142000000621141    4                       1         
G0793003000026716    2019021920190221826000000004300105320190201001980000676800100000000043000000142000000631141    4                       1         
G0793003000026716    2019021920190221826800000004400105320190201001284000628000100000000044000000142000000641141    4                       1         
G0793003000026716    2019021920190221826600000004090105320190304070835035842400100000000040900000142000000651829    4                       1         
G0793003000026716    2019021920190221826900000006500105320190204070678035754500100000000065000000142000000661829    4                       1         
G0793003000026716    2019021920190221826800000004363105320190215000106018069700100000000043630000142000000671141    4                       1         
G0793003000026716    2019021920190221826800000004200105320190201000251000548000100000000042000000142000000681141    4                       1         
G0793003000026716    2019021920190221826700000010850105320190201000661000581600100000000108500000142000000691141    4                       1         
G0793003000026716    2019021920190221826700000005550105320190201000243000547300100000000055500000142000000701141    4                       1         
G0793003000026716    2019021920190221826700000004900105320190201001494000642200100000000049000000142000000711141    4                       1         
G0793003000026716    2019021920190221826100000004157105320190304070452035814900100000000041570000142000000721829    4                       1         
G0793003000026716    2019021920190221826300000004150105320181203070980035623800100000000041500000142000000731829    4                       1         
G0793003000026716    2019021920190221826800000004161105320190304070975035852800100000000041610000142000000741829    4                       1         
G0793003000026716    2019021920190221826500000004250105320190204070211035719000100000000042500000142000000751829    4                       1         
G0793003000026716    2019021920190221826700000005700105320190204071009035779100100000000057000000142000000761829    4                       1         
G0793003000026716    2019021920190221826200000007250105320190201001970000676000100000000072500000142000000771141    4                       1         
G0793003000026716    2019021920190221826900000004159105320190304070980035853100100000000041590000142000000781829    4                       1         
G0793003000026716    2019021920190221826400000001250105320190204070534035743800100000000012500000142000000791829    4                       1         
G0793003000026716    2019021920190221826800000004668105320190304070322035805600100000000046680000142000000801829    4                       1         
G0793003000026716    2019021920190221826300000007108105320190304070270035801700100000000071080000142000000811829    4                       1         
G0793003000026716    2019021920190221826100000006148105320190304070385035809700100000000061480000142000000821829    4                       1         
G0793003000026716    2019021920190221826900000004090105320190304070418035812300100000000040900000142000000831829    4                       1         
G0793003000026716    2019021920190221826000000001394105320190304070534035820600100000000013940000142000000841829    4                       1         
G0793003000026716    2019021920190221826300000007050105320190204070245035722100100000000070500000142000000851829    4                       1         
G0793003000026716    2019021920190221826700000004090105320190304070388035809900100000000040900000142000000861829    4                       1         
G0793003000026716    2019021920190221826300000004103105320190304070415035812000100000000041030000142000000871829    4                       1         
G0793003000026716    2019021920190221826300000004050105320190204070415035734900100000000040500000142000000881829    4                       1         
G0793003000026716    2019021920190221826300000001318105320190304070783035839000100000000013180000142000000891829    4                       1         
G0793003000026716    2019021920190221826200000005000105320190201001088000614500100000000050000000142000000901141    4                       1         
G0793003000026716    2019021920190221826300000004303105320190225070276020298800100000000043030000142000000911829    4                       1         
G0793003000026716    2019021920190221826200000004300105320190201000402000560300100000000043000000142000000921141    4                       1         
G0793003000026716    2019021920190221826200000004300105320190103000003000359600100000000043000000142000000931141    4                       1         
G0793003000026716    2019021920190221826100000004450105320190201000081000535700100000000044500000142000000941141    4                       1         
G0793003000026716    2019021920190221826100000004260105320190215000242022094100100000000042600000142000000953738    4                       1         
G0793003000026716    2019021920190221826500000004350105320190201001951000674400100000000043500000142000000961141    4                       1         
G0793003000026716    2019021920190221826800000001396105320190225070390020306800100000000013960000142000000971829    4                       1         
G0793003000026716    2019021920190221826200000004303105320190225070227020296000100000000043030000142000000981829    4                       1         
G0793003000026716    2019021920190221826500000003500105320190103001857000497400100000000035000000142000000991141    4                       1         
G0793003000026716    2019021920190221826400000009600105320190201001032000610300100000000096000000142000001001141    4                       1         
G0793003000026716    2019021920190221826400000007500105320190201000455000564800100000000075000000142000001011141    4                       1         
G0793003000026716    2019021920190221826400000004300105320190201002116000685800100000000043000000142000001021141    4                       1         
G0793003000026716    2019021920190221826400000004200105320190201001117000616600100000000042000000142000001031141    4                       1         
G0793003000026716    2019021920190221826600000004900105320190201001101000615600100000000049000000142000001041141    4                       1         
G0793003000026716    2019021920190221826600000004400105320190201001511000643400100000000044000000142000001051141    4                       1         
G0793003000026716    2019021920190221826500000033700105320190201000840000596300100000000337000000142000001061141    4                       1         
G0793003000026716    2019021920190221826900000024900105320190114000761010312100100000000249000000142000001071829    4                       1         
G0793003000026716    2019021920190221826900000008500105320190214000987010450400100000000085000000142000001081829    4                       1         
G0793003000026716    2019021920190221826100000004400105320190214000849010442700100000000044000000142000001091829    4                       1         
G0793003000026716    2019021920190221826900000004352105320190215000629022128300100000000043520000142000001103738    4                       1         
G0793003000026716    2019021920190221826900000004260105320190215000259022095600100000000042600000142000001113738    4                       1         
G0793003000026716    2019021920190221826100000004350105320190114001648010368800100000000043500000142000001121829    4                       1         
G0793003000026716    2019021920190221826100000004300105320190114000272010277600100000000043000000142000001131829    4                       1         
G0793003000026716    2019021920190221826100000004200105320190214000046010384400100000000042000000142000001141829    4                       1         
G0793003000026716    2019021920190221826300000004260105320190215000120018071100100000000042600000142000001151141    4                       1         
G0793003000026716    2019021920190221826300000004225105320190225070186020293300100000000042250000142000001161829    4                       1         
G0793003000026716    2019021920190221826600000001713105320190225070121020289100100000000017130000142000001171829    4                       1         
G0793003000026716    2019021920190221826800000008470105320190215000714022135100100000000084700000142000001183738    4                       1         
G0793003000026716    2019021920190221826300000005434105320190215000105018069600100000000054340000142000001191141    4                       1         
G0793003000026716    2019021920190221826100000004200105320190114000443010289200100000000042000000142000001201829    4                       1         
G0793003000026716    2019021920190221826400000004260105320190215000568018107400100000000042600000142000001211141    4                       1         
G0793003000026716    2019021920190221826200000004800105320190114001723010373600100000000048000000142000001221829    4                       1         
G0793003000026716    2019021920190221826200000004550105320190214000041010383900100000000045500000142000001231829    4                       1         
G0793003000026716    2019021920190221826200000004450105320190214000745010433900100000000044500000142000001241829    4                       1         
G0793003000026716    2019021920190221826400000004260105320190215000400018093300100000000042600000142000001251141    4                       1         
G0793003000026716    2019021920190221826600000004834105320190215000103018069500100000000048340000142000001261141    4                       1         
G0793003000026716    2019021920190221826200000004300105320190214000202010395600100000000043000000142000001271829    4                       1         
G0793003000026716    2019021920190221826200000004200105320190114001161010337600100000000042000000142000001281829    4                       1         
G0793003000026716    2019021920190221826200000004200105320190114000972010326800100000000042000000142000001291829    4                       1         
G0793003000026716    2019021920190221826200000004200105320190114000259010276500100000000042000000142000001301829    4                       1         
G0793003000026716    2019021920190221826100000013450105320190114000106010265400100000000134500000142000001311829    4                       1         
G0793003000026716    2019021920190221826100000011150105320190214001237010465100100000000111500000142000001321829    4                       1         
G0793003000026716    2019021920190221826100000007100105320190214001466010480200100000000071000000142000001331829    4                       1         
G0793003000026716    2019021920190221826500000004200105320190214001369010473600100000000042000000142000001341829    4                       1         
G0793003000026716    2019021920190221826500000004200105320190114001530010361600100000000042000000142000001351829    4                       1         
G0793003000026716    2019021920190221826500000004200105320190114000402010286100100000000042000000142000001361829    4                       1         
G0793003000026716    2019021920190221826500000004200105320190114000072010262900100000000042000000142000001371829    4                       1         
G0793003000026716    2019021920190221826600000006550105320190115000248018020600100000000065500000142000001381141    4                       1         
G0793003000026716    2019021920190221826600000004260105320190215000512018102400100000000042600000142000001391141    4                       1         
G0793003000026716    2019021920190221826600000004200105320190115000709018058900100000000042000000142000001401141    4                       1         
G0793003000026716    2019021920190221826500000008450105320190115000169018014200100000000084500000142000001411141    4                       1         
G0793003000026716    2019021920190221826100000004270105320190304000287002614500100000000042700000142000001421116    4                       1         
G0793003000026716    2019021920190221826100000004254105320190304000739002638800100000000042540000142000001431116    4                       1         
G0793003000026716    2019021920190221826800000006500105320190204000721002591600100000000065000000142000001441116    4                       1         
G0793003000026716    2019021920190221826000000004270105320190304000271002613500100000000042700000142000001451116    4                       1         
G0793003000026716    2019021920190221826700000009250105320190204000471002576500100000000092500000142000001461116    4                       1         
G0793003000026716    2019021920190221826700000004379105320190304000341002616800100000000043790000142000001471116    4                       1         
G0793003000026716    2019021920190221826200000010820105320190304000340002616700100000000108200000142000001481116    4                       1         
G0793003000026716    2019021920190221826400000004245105320190304000414002620400100000000042450000142000001491116    4                       1         
G0793003000026716    2019021920190221826200000004270105320190304000166002607700100000000042700000142000001501116    4                       1         
G0793003000026716    2019021920190221826200000004150105320190204000341002569700100000000041500000142000001511116    4                       1         
G0793003000026716    2019021920190221826100000008500105320190204000354002577070010000000085000000142000001521116    4                       1         
G0793003000026716    2019021920190221826500000004245105320190304000384002618800100000000042450000142000001531116    4                       1         
G0793003000026716    2019021920190221826500000004150105320190204000741002592900100000000041500000142000001541116    4                       1         
G0793003000026716    2019021920190221826300000004270105320190304000654002634000100000000042700000142000001551116    4                       1         
G0793003000026716    2019021920190221826300000004270105320190304000541002627300100000000042700000142000001561116    4                       1         
G0793003000026716    2019021920190221826400000004270105320190304000183002608500100000000042700000142000001571116    4                       1         
G0793003000026716    2019021920190221826000000004150105320190204000297002567600100000000041500000142000001581116    4                       1         
G0793003000026716    2019021920190221826900000004050105320190304070215035796900100000000040500000142000001591829    4                       1         
G0793003000026716    2019021920190221826700000004320105320190221000942014346100100000000043200000142000001603089    4                       1         
G0793003000026716    2019021920190221826600000001395105320190221000682014325400100000000013950000142000001613089    4                       1         
G0793003000026716    2019021920190221826500000007930105320190221000442014304200100000000079300000142000001623089    4                       1         
G0793003000026716    2019021920190221826900000001378105320190225070282020299400100000000013780000142000001631829    4                       1         
G0793003000026716    2019021920190221826400000008100105320190114000191010271800100000000081000000142000001641829    4                       1         
G0793003000026716    2019021920190221826800000003850105320181206000336095545500100000000038500000142000001654481    4                       1         
G0793003000026716    2019021920190221826900000010580105320190221000045014268100100000000105800000142000001663089    4                       1         
G0793003000026716    2019021920190221826000000004230105320190225000111024010600100000000042300000142000001671737    4                       1         
G0793003000026716    2019021920190221826000000003200105320190205005380006828800100000000032000000142000001680793    4                       1         
G0793003000026716    2019021920190221826700000004230105320190225000613024059500100000000042300000142000001691737    4                       1         
G0793003000026716    2019021920190221826100000004230105320190225000545024052800100000000042300000142000001701737    4                       1         
G0793003000026716    2019021920190221826100000004230105320190225000497024048100100000000042300000142000001711737    4                       1         
G0793003000026716    2019021920190221826200000004230105320190225000653024063500100000000042300000142000001721737    4                       1         
G0793003000026716    2019021920190221826900000004230105320190225000423024041000100000000042300000142000001731737    4                       1         
G0793003000026716    2019021920190221826900000004230105320190225000072024006800100000000042300000142000001741737    4                       1         
G0793003000026716    2019021920190221826000000004230105320190225000120024011500100000000042300000142000001751737    4                       1         
G0793003000026716    2019021920190221826700000004230105320190225000564024054700100000000042300000142000001761737    4                       1         
G0793003000026716    2019021920190221826300000003850105320181107000604000059900100000000038500000142000001774481    4                       1         
G0793003000026716    2019021920190221826700000004230105320190225000271024026200100000000042300000142000001781737    4                       1         
G0793003000026716    2019021920190221826400000007100105320190114000256010276300100000000071000000142000001791829    4                       1         
G0793003000026716    2019021920190221826400000006700105320190114000350010282900100000000067000000142000001801829    4                       1         
G0793003000026716    2019021920190221826200000004230105320190225000623024060500100000000042300000142000001811737    4                       1         
G0793003000026716    2019021920190221826200000004230105320190225000391024038000100000000042300000142000001821737    4                       1         
G0793003000026716    2019021920190221826500000004230105320190225000213024020600100000000042300000142000001831737    4                       1         
G0793003000026716    2019021920190221826300000004811105320190225000229024022100100000000048110000142000001841737    4                       1         
G0793003000026716    2019021920190221826300000004230105320190225000687024066800100000000042300000142000001851737    4                       1         
G0793003000026716    2019021920190221826400000004230105320190225000514024049800100000000042300000142000001861737    4                       1         
G0793003000026716    2019021920190221826400000004230105320190225000452024043800100000000042300000142000001871737    4                       1         
G0793003000026716    2019021920190221826400000005950105320190114001534010361900100000000059500000142000001881829    4                       1         
G0793003000026716    2019021920190221826300000005550105320190214001459010479600100000000055500000142000001891829    4                       1         
G0793003000026716    2019021920190221826300000004300105320190114001305010346800100000000043000000142000001901829    4                       1         
G0793003000026716    2019021920190221826400000004700105320190114000063010262300100000000047000000142000001911829    4                       1         
G0793003000026716    2019021920190221826400000004450105320190214000004010381700100000000044500000142000001921829    4                       1         
G0793003000026716    2019021920190221826400000004300105320190214000794010438200100000000043000000142000001931829    4                       1         
G0793003000026716    2019021920190221826400000004200105320190214000124010390100100000000042000000142000001941829    4                       1         
G0793003000026716    2019021920190221826300000004200105320190114000266010277000100000000042000000142000001951829    4                       1         
G0793003000026716    2019021920190221826300000004200105320190114000041010260500100000000042000000142000001961829    4                       1         
G0793003000026716    2019021920190221826400000004200105320190114001129010335200100000000042000000142000001971829    4                       1         
G0793003000026716    2019021920190221826700000004200105320190114000294010279000100000000042000000142000001981829    4                       1         
G0793003000026716    2019021920190221826600000009350105320190114000241010275300100000000093500000142000001991829    4                       1         
G0793003000026716    2019021920190221826600000005550105320190114000525010294300100000000055500000142000002001829    4                       1         
G0793003000026716    2019021920190221826600000005150105320190214001416010476900100000000051500000142000002011829    4                       1         
G0793003000026716    2019021920190221826600000004950105320190214000525010417300100000000049500000142000002021829    4                       1         
G0793003000026716    2019021920190221826600000004400105320190214001717010495600100000000044000000142000002031829    4                       1         
G0793003000026716    2019021920190221826600000004300105320190114001211010340600100000000043000000142000002041829    4                       1         
G0793003000026716    2019021920190221826600000004300105320190114000209010273000100000000043000000142000002051829    4                       1         
G0793003000026716    2019021920190221826600000004300105320190114000043010260700100000000043000000142000002061829    4                       1         
G0793003000026716    2019021920190221826000000004200105320190114001416010353800100000000042000000142000002071829    4                       1         
G0793003000026716    2019021920190221826000000004200105320190114000794010314900100000000042000000142000002081829    4                       1         
G0793003000026716    2019021920190221826000000004200105320190114000420010287200100000000042000000142000002091829    4                       1         
G0793003000026716    2019021920190221826600000004200105320190214001570010486100100000000042000000142000002101829    4                       1         
G0793003000026716    2019021920190221826600000004200105320190114001598010365800100000000042000000142000002111829    4                       1         
G0793003000026716    2019021920190221826000000004200105320190114000004010258600100000000042000000142000002121829    4                       1         
G0793003000026716    2019021920190221826700000003850105320181206000306095542500100000000038500000142000002134481    4                       1         
G0793003000026716    2019021920190221826600000004200105320190115000384018031600100000000042000000142000002141141    4                       1         
G0793003000026716    2019021920190221826700000004050105320190304070178035793900100000000040500000142000002151829    4                       1         
G0793003000026716    2019021920190221826000000004119105320190304070163035792600100000000041190000142000002161829    4                       1         
G0793003000026716    2019021920190221826000000006015105320190215000618018111900100000000060150000142000002171141    4                       1         
G0793003000026716    2019021920190221826800000006676105320190215000089018068200100000000066760000142000002181141    4                       1         
G0793003000026716    2019021920190221826800000006550105320190115000041018003500100000000065500000142000002191141    4                       1         
G0793003000026716    2019021920190221826000000004800105320190115000375018030700100000000048000000142000002201141    4                       1         
G0793003000026716    2019021920190221826900000003850105320181206000932095603800100000000038500000142000002214481    4                       1         
G0793003000026716    2019021920190221826900000003850105320181107000142000013800100000000038500000142000002224481    4                       1         
G0793003000026716    2019021920190221826000000004346105320190215000476018099500100000000043460000142000002231141    4                       1         
G0793003000026716    2019021920190221826000000004260105320190215000501018101400100000000042600000142000002241141    4                       1         
G0793003000026716    2019021920190221826000000004260105320190215000416018094500100000000042600000142000002251141    4                       1         
G0793003000026716    2019021920190221826000000004200105320190115000386018031800100000000042000000142000002261141    4                       1         
G0793003000026716    2019021920190221826500000007000105320190103070415035658700100000000070000000142000002271829    4                       1         
G0793003000026716    2019021920190221826000000003100105320180706001490006293700100000000031000000142000002283863    4                       1         
G0793003000026716    2019021920190221826200000009350105320190115000230018019300100000000093500000142000002291141    4                       1         
G0793003000026716    2019021920190221826100000003600105320190205003700006813800100000000036000000142000002303863    4                       1         
G0793003000026716    2019021920190221826100000003350105320190205002780006804700100000000033500000142000002313863    4                       1         
G0793003000026716    2019021920190221826400000003150105320180607001490006223700100000000031500000142000002323863    4                       1         
G0793003000026716    2019021920190221826200000005050105320190205002540006802700100000000050500000142000002333863    4                       1         
G0793003000026716    2019021920190221826500000004950105320190105002078006727900100000000049500000142000002343863    4                       1         
G0793003000026716    2019021920190221826500000002550105320180409001490006084000100000000025500000142000002353863    4                       1         
G0793003000026716    2019021920190221826300000004850105320190205004540006821100100000000048500000142000002363863    4                       1         
G0793003000026716    2019021920190221826300000004700105320190205003770006814300100000000047000000142000002373863    4                       1         
G0793003000026716    2019021920190221826900000004260105320190215000331018087600100000000042600000142000002381141    4                       1         
G0793003000026716    2019021920190221826000000004200105320190115000229018019200100000000042000000142000002391141    4                       1         
G0793003000026716    2019021920190221826000000004363105320190215000378018091300100000000043630000142000002401141    4                       1         
G0793003000026716    2019021920190221826000000004200105320190115000295018024300100000000042000000142000002411141    4                       1         
G0793003000026716    2019021920190221826700000007850105320190115000140018011800100000000078500000142000002421141    4                       1         
G0793003000026716    2019021920190221826700000004200105320190115000019018001500100000000042000000142000002431141    4                       1         
G0793003000026716    2019021920190221826200000014768105320190215000062018065800100000000147680000142000002441141    4                       1         
G0793003000026716    2019021920190221826100000004200105320190115000061018005000100000000042000000142000002451141    4                       1         
G0793003000026716    2019021920190221826800000006558105320190215000306022099900100000000065580000142000002463738    4                       1         
G0793003000026716    2019021920190221826200000004260105320190215000364022105000100000000042600000142000002473738    4                       1         
G0793003000026716    2019021920190221826700000010850105320190215000114022082400100000000108500000142000002483738    4                       1         
G0793003000026716    2019021920190221826000000004200105320190115000037018003200100000000042000000142000002491141    4                       1         
G0793003000026716    2019021920190221826000000004348105320190215000696022133600100000000043480000142000002503738    4                       1         
G0793003000026716    2019021920190221826200000004200105320190115000225018018800100000000042000000142000002511141    4                       1         
G0793003000026716    2019021920190221826700000004961105320190215000081022079500100000000049610000142000002523738    4                       1         
G0793003000026716    2019021920190221826700000004253105320190215000362022104800100000000042530000142000002533738    4                       1         
G0793003000026716    2019021920190221826400000004260105320190215000253022095200100000000042600000142000002543738    4                       1         
G0793003000026716    2019021920190221826300000004260105320190215000655022130300100000000042600000142000002553738    4                       1         
G0793003000026716    2019021920190221826500000004841105320190215000478022114800100000000048410000142000002563738    4                       1         
G0793003000026716    2019021920190221826100000006003105320190215000170018074800100000000060030000142000002571141    4                       1         
G0793003000026716    2019021920190221826100000004260105320190215000713018119500100000000042600000142000002581141    4                       1         
G0793003000026716    2019021920190221826900000004200105320190115000404018033200100000000042000000142000002591141    4                       1         
G0793003000026716    2019021920190221826200000007100105320190115000628018052500100000000071000000142000002601141    4                       1         
G0793003000026716    2019021920190221826100000004200105320190115000331018027400100000000042000000142000002611141    4                       1         
G0793003000026716    2019021920190221826800000004200105320190115000638018053400100000000042000000142000002621141    4                       1         
G0793003000026716    2019021920190221826800000004200105320190115000269018022100100000000042000000142000002631141    4                       1         
G0793003000026716    2019021920190221826700000012600105320190115000535018044200100000000126000000142000002641141    4                       1         
G0793003000026716    2019021920190221826700000004234105320190215000095018068800100000000042340000142000002651141    4                       1         
G0793003000026716    2019021920190221826300000004200105320190115000655022058400100000000042000000142000002663738    4                       1         
G0793003000026716    2019021920190221826900000006650105320190214000161010392900100000000066500000142000002671829    4                       1         
G0793003000026716    2019021920190221826900000006550105320190214000072010386300100000000065500000142000002681829    4                       1         
G0793003000026716    2019021920190221826900000005500105320190214000633010425200100000000055000000142000002691829    4                       1         
G0793003000026716    2019021920190221826900000004800105320190114001117010334400100000000048000000142000002701829    4                       1         
G0793003000026716    2019021920190221826900000004550105320190214001751010497600100000000045500000142000002711829    4                       1         
G0793003000026716    2019021920190221826900000004300105320190214000422010410500100000000043000000142000002721829    4                       1         
G0793003000026716    2019021920190221826900000004300105320190214000043010384100100000000043000000142000002731829    4                       1         
G0793003000026716    2019021920190221826900000004300105320190114001509010360300100000000043000000142000002741829    4                       1         
G0793003000026716    2019021920190221826500000006650105320190214001161010460400100000000066500000142000002751829    4                       1         
G0793003000026716    2019021920190221826800000007350105320190214001534010484400100000000073500000142000002761829    4                       1         
G0793003000026716    2019021920190221826800000006050105320190114000127010267100100000000060500000142000002771829    4                       1         
G0793003000026716    2019021920190221826800000004800105320181213000483010164500100000000048000000142000002781829    4                       1         
G0793003000026716    2019021920190221826000000009350105320190114001122010334600100000000093500000142000002791829    4                       1         
G0793003000026716    2019021920190221826000000008000105320190214000117010389500100000000080000000142000002801829    4                       1         
G0793003000026716    2019021920190221826000000006050105320190214000268010400300100000000060500000142000002811829    4                       1         
G0793003000026716    2019021920190221826000000004550105320190214000432010411200100000000045500000142000002821829    4                       1         
G0793003000026716    2019021920190221826000000004350105320190214001211010463400100000000043500000142000002831829    4                       1         
G0793003000026716    2019021920190221826000000004350105320190214000131010390700100000000043500000142000002841829    4                       1         
G0793003000026716    2019021920190221826000000004200105320190214000767010435700100000000042000000142000002851829    4                       1         
G0793003000026716    2019021920190221826400000004200105320190114000161010269700100000000042000000142000002861829    4                       1         
G0793003000026716    2019021920190221826300000018550105320190214000992010450700100000000185500000142000002871829    4                       1         
G0793003000026716    2019021920190221826300000009550105320190214000241010398400100000000095500000142000002881829    4                       1         
G0793003000026716    2019021920190221826300000009500105320190114000290010278700100000000095000000142000002891829    4                       1         
G0793003000026716    2019021920190221826800000004300105320190214000063010385800100000000043000000142000002901829    4                       1         
G0793003000026716    2019021920190221826800000004200105320190214000144010391600100000000042000000142000002911829    4                       1         
G0793003000026716    2019021920190221826800000004200105320190114001479010380000100000000042000000142000002921829    4                       1         
G0793003000026716    2019021920190221826800000004200105320190114001350010349200100000000042000000142000002931829    4                       1         
G0793003000026716    2019021920190221826800000004200105320190114000842010318900100000000042000000142000002941829    4                       1         
G0793003000026716    2019021920190221826800000004200105320190114000825010317500100000000042000000142000002951829    4                       1         
G0793003000026716    2019021920190221826800000004200105320190114000745010310700100000000042000000142000002961829    4                       1         
G0793003000026716    2019021920190221826800000004200105320190114000046010261000100000000042000000142000002971829    4                       1         
G0793003000026716    2019021920190221826700000011700105320190114000499010292300100000000117000000142000002981829    4                       1         
G0793003000026716    2019021920190221826700000004550105320190214000259010399600100000000045500000142000002991829    4                       1         
G0793003000026716    2019021920190221826700000004400105320190214000907010445700100000000044000000142000003001829    4                       1         
G0793003000026716    2019021920190221826700000004200105320190114001506010360100100000000042000000142000003011829    4                       1         
G0793003000026716    2019021920190221826700000004200105320190114001417010353900100000000042000000142000003021829    4                       1         
G0793003000026716    2019021920190221826700000004200105320190114001342010348800100000000042000000142000003031829    4                       1         
G0793003000026716    2019021920190221826200000027600105320190214000761010435300100000000276000000142000003041829    4                       1         
G0793003000026716    2019021920190221826200000013500105320190114000844010319000100000000135000000142000003051829    4                       1         
G0793003000026716    2019021920190221826200000010850105320190114001237010342300100000000108500000142000003061829    4                       1         
G0793003000026716    2019021920190221826200000006550105320190114000124010266800100000000065500000142000003071829    4                       1         
G0793003000026716    2019021920190221826200000005350105320190114000268010277200100000000053500000142000003081829    4                       1         
Z00031000000000001608351                                                                                                                              
