A2201053              HIDROFORTETOCANTINS 104CAIXA ECON. FEDERAL 2019022100155703                                                                     
G0793003000026716    2019022020190221826500000004150105320190124070382020279700100000000041500000142000000011829    3                       1         
G0793003000026716    2019022020190221826900000010850105320190225000635024061700100000000108500000142000000021737    3                       1         
G0793003000026716    2019022020190221826700000004230105320190225000024024002100100000000042300000142000000031737    3                       1         
G0793003000026716    2019022020190222826900000005200105300100000070063020088400000000000052000000142000000041829    4                       1         
G0793003000026716    2019022020190222826800000006350105300100000070063020003800000000000063500000142000000051829    4                       1         
G0793003000026716    2019022020190222826300000001300105300100000070358020278300000000000013000000142000000061829    4                       1         
G0793003000026716    2019022020190222826100000005750105300100000071986081752900000000000057500000142000000073939    4                       1         
G0793003000026716    2019022020190222826100000004200105300100000070622081623800000000000042000000142000000083939    4                       1         
G0793003000026716    2019022020190222826200000006350105300100000070063020034300000000000063500000142000000091829    4                       1         
G0793003000026716    2019022020190222826700000004750105300100000070434081606200000000000047500000142000000103939    4                       1         
G0793003000026716    2019022020190222826000000014250105300100000071523081709500000000000142500000142000000113939    4                       1         
G0793003000026716    2019022020190222826600000004200105300100000071293081688000000000000042000000142000000123939    4                       1         
G0793003000026716    2019022020190222826200000001250105300100000071713081727200000000000012500000142000000133939    4                       1         
G0793003000026716    2019022020190222826100000023750105300100000070414081604300000000000237500000142000000143939    4                       1         
G0793003000026716    2019022020190222826300000001900105300100000070415081604400000000000019000000142000000153939    4                       1         
G0793003000026716    2019022020190222826100000004200105300100000070692081630600000000000042000000142000000163939    4                       1         
G0793003000026716    2019022020190222826400000008450105300100000071900081745300000000000084500000142000000173939    4                       1         
G0793003000026716    2019022020190222826600000005350105300100000071639081720400000000000053500000142000000183939    4                       1         
G0793003000026716    2019022020190222826200000012800105300100000071551081711900000000000128000000142000000193939    4                       1         
G0793003000026716    2019022020190222826300000004950105300100000071480081705800000000000049500000142000000203939    4                       1         
G0793003000026716    2019022020190222826300000004200105300100000071877081743000000000000042000000142000000213939    4                       1         
G0793003000026716    2019022020190222826900000004200105300100000071283081687000000000000042000000142000000223939    4                       1         
G0793003000026716    2019022020190222826800000006600105300100000070386081601600000000000066000000142000000233939    4                       1         
G0793003000026716    2019022020190222826200000004200105300100000070570081618700000000000042000000142000000243939    4                       1         
G0793003000026716    2019022020190222826000000006050105300100000061334002666300000000000060500000142000000253738    4                       1         
G0793003000026716    2019022020190222826000000001100105300100000060213002570000000000000011000000142000000263738    4                       1         
G0793003000026716    2019022020190222826200000012600105300100000060675002609300000000000126000000142000000273738    4                       1         
G0793003000026716    2019022020190222826900000003750105300100000060230002571400000000000037500000142000000283738    4                       1         
G0793003000026716    2019022020190222826500000017100105300100000070064020258500000000000171000000142000000290793    4                       1         
G0793003000026716    2019022020190222826900000005350105300100000060823002622900000000000053500000142000000303738    4                       1         
G0793003000026716    2019022020190222826000000005900105300100000070822081643100000000000059000000142000000313939    4                       1         
G0793003000026716    2019022020190222826600000001150105300100000060549002598300000000000011500000142000000323738    4                       1         
G0793003000026716    2019022020190222826600000004200105300100000071269081685600000000000042000000142000000333939    4                       1         
G0793003000026716    2019022020190222826400000003750105300100000061188002655100000000000037500000142000000343738    4                       1         
G0793003000026716    2019022020190222826200000027000105300100000060055002564600000000000270000000142000000353738    4                       1         
G0793003000026716    2019022020190222826200000004200105300100000070417081431800000000000042000000142000000363939    4                       1         
G0793003000026716    2019022020190222826200000003600105300100000070409081603800000000000036000000142000000373939    4                       1         
G0793003000026716    2019022020190222826700000004200105300100000070417081604600000000000042000000142000000383939    4                       1         
G0793003000026716    2019022020190222826600000010800105300100000070642081625800000000000108000000142000000393939    4                       1         
G0793003000026716    2019022020190222826400000004230105320190225000456024044100100000000042300000142000000401737    4                       1         
G0793003000026716    2019022020190222826400000004230105320190225000326024031700100000000042300000142000000411737    4                       1         
G0793003000026716    2019022020190222826500000004260105320190301001616000814200100000000042600000142000000421141    4                       1         
G0793003000026716    2019022020190222826600000004400105320190201002121000686300100000000044000000142000000431141    4                       1         
G0793003000026716    2019022020190222826000000004290105320190301000496000734800100000000042900000142000000441141    4                       1         
G0793003000026716    2019022020190222826000000009450105320190103001067000441600100000000094500000142000000451141    4                       1         
G0793003000026716    2019022020190222826000000004290105320190301000515000736100100000000042900000142000000461141    4                       1         
G0793003000026716    2019022020190222826000000004264105320190301000511000735900100000000042640000142000000471141    4                       1         
G0793003000026716    2019022020190222826200000003100105320190205001180006790500100000000031000000142000000483863    4                       1         
G0793003000026716    2019022020190222826500000004250105320170911005943005645900100000000042500000142000000493863    4                       1         
G0793003000026716    2019022020190222826500000004126105320190304070584035824100100000000041260000142000000501829    4                       1         
G0793003000026716    2019022020190222826700000004050105320190204070237035721300100000000040500000142000000511829    4                       1         
G0793003000026716    2019022020190222826000000004115105320190304070963035851800100000000041150000142000000521829    4                       1         
G0793003000026716    2019022020190222826200000003100105320190205002260006800000100000000031000000142000000533863    4                       1         
G0793003000026716    2019022020190222826800000004200105320190115000360018029600100000000042000000142000000541141    4                       1         
G0793003000026716    2019022020190222826000000004700105320190205002270006800100100000000047000000142000000553863    4                       1         
G0793003000026716    2019022020190222826400000005350105320190115000597018049600100000000053500000142000000561141    4                       1         
G0793003000026716    2019022020190222826500000003100105320190205005840006843400100000000031000000142000000573863    4                       1         
G0793003000026716    2019022020190222826100000004000105320171016005943005716100100000000040000000142000000583863    4                       1         
G0793003000026716    2019022020190222826900000001323105320190304070721035834800100000000013230000142000000591829    4                       1         
G0793003000026716    2019022020190222826200000010000105320190204070429035736000100000000100000000142000000601829    4                       1         
G0793003000026716    2019022020190222826600000007100105320190114000824010317400100000000071000000142000000611829    4                       1         
G0793003000026716    2019022020190222826600000004500105320190114000642010302400100000000045000000142000000621829    4                       1         
G0793003000026716    2019022020190222826900000001200105320190222060379002771700100000000012000000142000000633738    4                       1         
G0793003000026716    2019022020190222826000000004348105320190215000183018076000100000000043480000142000000641141    4                       1         
G0793003000026716    2019022020190222826600000001250105320190204070493035741300100000000012500000142000000651829    4                       1         
G0793003000026716    2019022020190222826400000004150105320190204070363035731100100000000041500000142000000661829    4                       1         
G0793003000026716    2019022020190222826800000001277105320190304070508035819100100000000012770000142000000671829    4                       1         
G0793003000026716    2019022020190222826000000004850105320181203070924035619400100000000048500000142000000681829    4                       1         
G0793003000026716    2019022020190222826100000004140105320190304070772035838200100000000041400000142000000691829    4                       1         
G0793003000026716    2019022020190222826700000008350105320190204070923035772500100000000083500000142000000701829    4                       1         
G0793003000026716    2019022020190222826600000004090105320190304070172035793400100000000040900000142000000711829    4                       1         
G0793003000026716    2019022020190222826000000004100105320180103070995035704900100000000041000000142000000721829    4                       1         
G0793003000026716    2019022020190222826000000004090105320190304070157035792200100000000040900000142000000731829    4                       1         
G0793003000026716    2019022020190222826900000003500105320190205005646006839100100000000035000000142000000743863    4                       1         
G0793003000026716    2019022020190222826300000004230105320190225000538024052200100000000042300000142000000751737    4                       1         
G0793003000026716    2019022020190222826200000004230105320190225000047024004400100000000042300000142000000761737    4                       1         
G0793003000026716    2019022020190222826100000029518105320190225000639024062100100000000295180000142000000771737    4                       1         
G0793003000026716    2019022020190222826100000004230105320190225000466024045100100000000042300000142000000781737    4                       1         
G0793003000026716    2019022020190222826100000004230105320190225000363024035400100000000042300000142000000791737    4                       1         
G0793003000026716    2019022020190222826100000004230105320190225000026024002300100000000042300000142000000801737    4                       1         
G0793003000026716    2019022020190222826700000004230105320190225000103024009900100000000042300000142000000811737    4                       1         
G0793003000026716    2019022020190222826900000004230105320190225000419024040800100000000042300000142000000821737    4                       1         
G0793003000026716    2019022020190222826900000004230105320190225000246024023800100000000042300000142000000831737    4                       1         
G0793003000026716    2019022020190222826800000004230105320190225000373024036400100000000042300000142000000841737    4                       1         
G0793003000026716    2019022020190222826600000004811105320190225000050024004700100000000048110000142000000851737    4                       1         
G0793003000026716    2019022020190222826800000006850105320190204070995035783900100000000068500000142000000861829    4                       1         
G0793003000026716    2019022020190222826500000004200105320190114000962010326300100000000042000000142000000871829    4                       1         
G0793003000026716    2019022020190222826500000004100105320180115070072035705700100000000041000000142000000881829    4                       1         
G0793003000026716    2019022020190222826400000008800105320190214001438010478500100000000088000000142000000891829    4                       1         
G0793003000026716    2019022020190222826400000007850105320190114001438010355500100000000078500000142000000901829    4                       1         
G0793003000026716    2019022020190222826400000005950105320190114000231010274600100000000059500000142000000911829    4                       1         
G0793003000026716    2019022020190222826400000004200105320190114000037010260300100000000042000000142000000921829    4                       1         
G0793003000026716    2019022020190222826300000007850105320190214000267010400200100000000078500000142000000931829    4                       1         
G0793003000026716    2019022020190222826300000006800105320190214001697010494100100000000068000000142000000941829    4                       1         
G0793003000026716    2019022020190222826300000006550105320190114001697010371600100000000065500000142000000951829    4                       1         
G0793003000026716    2019022020190222826300000004800105320190114001319010381100100000000048000000142000000961829    4                       1         
G0793003000026716    2019022020190222826300000004350105320190214001183010461500100000000043500000142000000971829    4                       1         
G0793003000026716    2019022020190222826300000004300105320190114001364010350400100000000043000000142000000981829    4                       1         
G0793003000026716    2019022020190222826300000070450105320190214000838010441800100000000704500000142000000991829    4                       1         
G0793003000026716    2019022020190222826300000004200105320190114001183010338700100000000042000000142000001001829    4                       1         
G0793003000026716    2019022020190222826200000004300105320190114001126010334900100000000043000000142000001011829    4                       1         
G0793003000026716    2019022020190222826300000004200105320181203070995035624900100000000042000000142000001021829    4                       1         
G0793003000026716    2019022020190222826200000004100105320181002070072035476900100000000041000000142000001031829    4                       1         
G0793003000026716    2019022020190222826200000004050105320190204070072035783200100000000040500000142000001041829    4                       1         
G0793003000026716    2019022020190222826100000011150105320190214001402010475900100000000111500000142000001051829    4                       1         
G0793003000026716    2019022020190222826100000004800105320190114000606010299900100000000048000000142000001061829    4                       1         
G0793003000026716    2019022020190222826100000004350105320190214001547010484800100000000043500000142000001071829    4                       1         
G0793003000026716    2019022020190222826100000004300105320190214000946010448100100000000043000000142000001081829    4                       1         
G0793003000026716    2019022020190222826100000004200105320190114001621010367500100000000042000000142000001091829    4                       1         
G0793003000026716    2019022020190222826700000011900105320190214000915010446200100000000119000000142000001101829    4                       1         
G0793003000026716    2019022020190222826700000010850105320190114001741010374500100000000108500000142000001111829    4                       1         
G0793003000026716    2019022020190222826700000007300105320190114001459010356800100000000073000000142000001121829    4                       1         
G0793003000026716    2019022020190222826700000004500105320190214000203010395700100000000045000000142000001131829    4                       1         
G0793003000026716    2019022020190222826200000010850105320190114001083010332600100000000108500000142000001141829    4                       1         
G0793003000026716    2019022020190222826200000004800105320190114000991010327800100000000048000000142000001151829    4                       1         
G0793003000026716    2019022020190222826200000004450105320190214001513010483300100000000044500000142000001161829    4                       1         
G0793003000026716    2019022020190222826700000004300105320181213000482010164400100000000043000000142000001171829    4                       1         
G0793003000026716    2019022020190222826900000004300105320190214001489010481600100000000043000000142000001181829    4                       1         
G0793003000026716    2019022020190222826900000004300105320190214001447010478900100000000043000000142000001191829    4                       1         
G0793003000026716    2019022020190222826900000004300105320190214001220010463900100000000043000000142000001201829    4                       1         
G0793003000026716    2019022020190222826900000004200105320190114001241010342600100000000042000000142000001211829    4                       1         
G0793003000026716    2019022020190222826700000004200105320190114000529010294400100000000042000000142000001221829    4                       1         
G0793003000026716    2019022020190222826600000011150105320190114001402010353100100000000111500000142000001231829    4                       1         
G0793003000026716    2019022020190222826900000004200105320190114001204010340000100000000042000000142000001241829    4                       1         
G0793003000026716    2019022020190222826900000004200105320190114000377010284500100000000042000000142000001251829    4                       1         
G0793003000026716    2019022020190222826800000005350105320190114001073010381200100000000053500000142000001261829    4                       1         
G0793003000026716    2019022020190222826800000004350105320190214001181010461400100000000043500000142000001271829    4                       1         
G0793003000026716    2019022020190222826800000004200105320190114001099010377700100000000042000000142000001281829    4                       1         
G0793003000026716    2019022020190222826600000008000105320190214000642010425700100000000080000000142000001291829    4                       1         
G0793003000026716    2019022020190222826100000001250105320190204070583035747300100000000012500000142000001301829    4                       1         
G0793003000026716    2019022020190222826100000001296105320190304070687035832100100000000012960000142000001311829    4                       1         
G0793003000026716    2019022020190222826600000004286105320190301000760000755000100000000042860000142000001321141    4                       1         
G0793003000026716    2019022020190222826100000003200105320190205005628006837800100000000032000000142000001333863    4                       1         
G0793003000026716    2019022020190222826500000011350105320190201000487000567400100000000113500000142000001341141    4                       1         
G0793003000026716    2019022020190222826500000008850105320190201000497000568300100000000088500000142000001351141    4                       1         
G0793003000026716    2019022020190222826500000004200105320181203001438000298300100000000042000000142000001361141    4                       1         
G0793003000026716    2019022020190222826500000004290105320190301002194000854800100000000042900000142000001371141    4                       1         
G0793003000026716    2019022020190222826800000004850105320190205000560006784700100000000048500000142000001383863    4                       1         
G0793003000026716    2019022020190222826400000004429105320190301000076000702600100000000044290000142000001391141    4                       1         
G0793003000026716    2019022020190222826600000004408105320190225070161020291600100000000044080000142000001401829    4                       1         
G0793003000026716    2019022020190222826400000004320105320190221000700014327000100000000043200000142000001413089    4                       1         
G0793003000026716    2019022020190222826500000004320105320190221000234014285200100000000043200000142000001423089    4                       1         
G0793003000026716    2019022020190222826500000004300105320190121000604014230800100000000043000000142000001433089    4                       1         
G0793003000026716    2019022020190222826400000004412105320190221000228014284600100000000044120000142000001443089    4                       1         
G0793003000026716    2019022020190222826400000004405105320190221000620014319700100000000044050000142000001453089    4                       1         
G0793003000026716    2019022020190222826100000008250105320190201000795000592700100000000082500000142000001461141    4                       1         
G0793003000026716    2019022020190222826100000006100105320190201000932000603100100000000061000000142000001471141    4                       1         
G0793003000026716    2019022020190222826100000004400105320190201000548000572800100000000044000000142000001481141    4                       1         
G0793003000026716    2019022020190222826100000004200105320190201000528000571200100000000042000000142000001491141    4                       1         
G0793003000026716    2019022020190222826200000010850105320190201000594000576800100000000108500000142000001501141    4                       1         
G0793003000026716    2019022020190222826200000010850105320190103000594000406100100000000108500000142000001511141    4                       1         
G0793003000026716    2019022020190222826700000004271105320190301000091000703900100000000042710000142000001521141    4                       1         
G0793003000026716    2019022020190222826900000004300105320190201000991000607500100000000043000000142000001531141    4                       1         
G0793003000026716    2019022020190222826900000004290105320190301000454000731500100000000042900000142000001541141    4                       1         
G0793003000026716    2019022020190222826700000004200105320181101001438000118700100000000042000000142000001551141    4                       1         
G0793003000026716    2019022020190222826800000006501105320190301000487000734000100000000065010000142000001561141    4                       1         
G0793003000026716    2019022020190222826800000005600105320190201001361000633200100000000056000000142000001571141    4                       1         
G0793003000026716    2019022020190222826800000004400105320190201000813000594100100000000044000000142000001581141    4                       1         
G0793003000026716    2019022020190222826800000004350105320190201000366000557400100000000043500000142000001591141    4                       1         
G0793003000026716    2019022020190222826600000004800105320190201000143000540300100000000048000000142000001601141    4                       1         
G0793003000026716    2019022020190222826900000007100105320190114001590010365300100000000071000000142000001611829    4                       1         
G0793003000026716    2019022020190222826600000004550105320190214000377010407500100000000045500000142000001621829    4                       1         
G0793003000026716    2019022020190222826400000004300105320190114001485010358600100000000043000000142000001631829    4                       1         
G0793003000026716    2019022020190222826900000004500105320190214001057010454300100000000045000000142000001641829    4                       1         
G0793003000026716    2019022020190222826000000008850105320190114000873010320900100000000088500000142000001651829    4                       1         
G0793003000026716    2019022020190222826000000006800105320190214000269010400400100000000068000000142000001661829    4                       1         
G0793003000026716    2019022020190222826000000004400105320190214000231010397800100000000044000000142000001671829    4                       1         
G0793003000026716    2019022020190222826000000004300105320190214001621010490000100000000043000000142000001681829    4                       1         
G0793003000026716    2019022020190222826600000004350105320190214000613010423800100000000043500000142000001691829    4                       1         
G0793003000026716    2019022020190222826000000004200105320190114001057010331400100000000042000000142000001701829    4                       1         
G0793003000026716    2019022020190222826600000004126105320190304070072035859400100000000041260000142000001711829    4                       1         
G0793003000026716    2019022020190222826500000011400105320190214001083010455600100000000114000000142000001721829    4                       1         
G0793003000026716    2019022020190222826500000009800105320190214000824010440800100000000098000000142000001731829    4                       1         
G0793003000026716    2019022020190222826500000005950105320190114001186010338900100000000059500000142000001741829    4                       1         
G0793003000026716    2019022020190222826500000004450105320190214000962010449200100000000044500000142000001751829    4                       1         
G0793003000026716    2019022020190222826500000004400105320190214001069010454800100000000044000000142000001761829    4                       1         
G0793003000026716    2019022020190222826500000004350105320190114001447010356000100000000043500000142000001771829    4                       1         
G0793003000026716    2019022020190222826500000004200105320190114001702010372100100000000042000000142000001781829    4                       1         
G0793003000026716    2019022020190222826500000004200105320190114001465010357400100000000042000000142000001791829    4                       1         
G0793003000026716    2019022020190222826500000004200105320190114001285010345500100000000042000000142000001801829    4                       1         
G0793003000026716    2019022020190222826500000004200105320190114000992010327900100000000042000000142000001811829    4                       1         
G0793003000026716    2019022020190222826400000004311105320190221000016014265200100000000043110000142000001823089    4                       1         
G0793003000026716    2019022020190222826300000004300105320190121000698014239800100000000043000000142000001833089    4                       1         
G0793003000026716    2019022020190222826400000000090105320190221000832014337700100000000000900000142000001843089    4                       1         
G0793003000026716    2019022020190222826100000003850105320181206000878095598400100000000038500000142000001854481    4                       1         
G0793003000026716    2019022020190222826000000003850105320181206001043095614800100000000038500000142000001864481    4                       1         
G0793003000026716    2019022020190222826300000012165105320190221000450014305000100000000121650000142000001873089    4                       1         
G0793003000026716    2019022020190222826300000011050105320190121000214014196000100000000110500000142000001883089    4                       1         
G0793003000026716    2019022020190222826200000004350105320190121000191014194100100000000043500000142000001893089    4                       1         
G0793003000026716    2019022020190222826000000003850105320181107000377000037200100000000038500000142000001904481    4                       1         
G0793003000026716    2019022020190222826400000003850105320181206000868095597400100000000038500000142000001914481    4                       1         
G0793003000026716    2019022020190222826400000003850105320181206000810095591600100000000038500000142000001924481    4                       1         
G0793003000026716    2019022020190222826400000003850105320181107000868000086300100000000038500000142000001934481    4                       1         
G0793003000026716    2019022020190222826800000003850105320181206001086095619100100000000038500000142000001944481    4                       1         
G0793003000026716    2019022020190222826800000003850105320181107001043000103800100000000038500000142000001954481    4                       1         
G0793003000026716    2019022020190222826300000003850105320181206000808095591400100000000038500000142000001964481    4                       1         
G0793003000026716    2019022020190222826100000005000105320190121000842014251800100000000050000000142000001973089    4                       1         
G0793003000026716    2019022020190222826100000004419105320190221000949014346600100000000044190000142000001983089    4                       1         
G0793003000026716    2019022020190222826100000004332105320190221000504014309900100000000043320000142000001993089    4                       1         
G0793003000026716    2019022020190222826100000004320105320190221000701014327100100000000043200000142000002003089    4                       1         
G0793003000026716    2019022020190222826700000008677105320190221000018014265400100000000086770000142000002013089    4                       1         
G0793003000026716    2019022020190222826200000006994105320190221000948014346500100000000069940000142000002023089    4                       1         
G0793003000026716    2019022020190222826200000004419105320190221000029014266500100000000044190000142000002033089    4                       1         
G0793003000026716    2019022020190222826900000004320105320190221000066014270000100000000043200000142000002043089    4                       1         
G0793003000026716    2019022020190222826800000004332105320190221000394014299800100000000043320000142000002053089    4                       1         
G0793003000026716    2019022020190222826800000004320105320190221000702014327200100000000043200000142000002063089    4                       1         
G0793003000026716    2019022020190222826800000004320105320190221000183014280800100000000043200000142000002073089    4                       1         
G0793003000026716    2019022020190222826600000005442105320190221000523014311500100000000054420000142000002083089    4                       1         
G0793003000026716    2019022020190222826600000004450105320190121000161014191300100000000044500000142000002093089    4                       1         
G0793003000026716    2019022020190222826300000003850105320181107000808000080300100000000038500000142000002104481    4                       1         
G0793003000026716    2019022020190222826900000003850105320181107000317000031200100000000038500000142000002114481    4                       1         
G0793003000026716    2019022020190222826700000004200105320190115000332018027500100000000042000000142000002121141    4                       1         
G0793003000026716    2019022020190222826500000015000105320190204061156002652200100000000150000000142000002133738    4                       1         
G0793003000026716    2019022020190222826600000004396105320190221000190014281400100000000043960000142000002143089    4                       1         
G0793003000026716    2019022020190222826300000004306105320190221000723014329000100000000043060000142000002153089    4                       1         
G0793003000026716    2019022020190222826400000001250105320190204070802035763800100000000012500000142000002161829    4                       1         
G0793003000026716    2019022020190222826300000005000105320190121000824014250400100000000050000000142000002173089    4                       1         
G0793003000026716    2019022020190222826600000007850105320190121000544014225600100000000078500000142000002183089    4                       1         
G0793003000026716    2019022020190222826400000003100105320190205004930006824300100000000031000000142000002190793    4                       1         
G0793003000026716    2019022020190222826800000003350105320190205005320006828000100000000033500000142000002200793    4                       1         
G0793003000026716    2019022020190222826900000006554105320190225000073024006900100000000065540000142000002211737    4                       1         
G0793003000026716    2019022020190222826500000004230105320190225000728024070000100000000042300000142000002221737    4                       1         
G0793003000026716    2019022020190222826600000009350105320190115000354018029000100000000093500000142000002231141    4                       1         
G0793003000026716    2019022020190222826800000008651105320190215000319018086900100000000086510000142000002241141    4                       1         
G0793003000026716    2019022020190222826800000004200105320190115000236018019800100000000042000000142000002251141    4                       1         
G0793003000026716    2019022020190222826600000006095105320190215000617018111800100000000060950000142000002261141    4                       1         
G0793003000026716    2019022020190222826900000005546105320190304000517002625800100000000055460000142000002271116    4                       1         
G0793003000026716    2019022020190222826900000004380105320190304000045002601400100000000043800000142000002281116    4                       1         
G0793003000026716    2019022020190222826000000005995105320190304000031002600400100000000059950000142000002291116    4                       1         
G0793003000026716    2019022020190222826000000004377105320190304000614002631800100000000043770000142000002301116    4                       1         
G0793003000026716    2019022020190222826000000004270105320190304000763002640600100000000042700000142000002311116    4                       1         
G0793003000026716    2019022020190222826600000004261105320190304000796002642800100000000042610000142000002321116    4                       1         
G0793003000026716    2019022020190222826500000005300105320190204000636002586500100000000053000000142000002331116    4                       1         
G0793003000026716    2019022020190222826500000004150105320190204000550002581100100000000041500000142000002341116    4                       1         
G0793003000026716    2019022020190222826400000004354105320190304000369002618200100000000043540000142000002351116    4                       1         
G0793003000026716    2019022020190222826300000008350105320190204000667002588300100000000083500000142000002361116    4                       1         
G0793003000026716    2019022020190222826300000004270105320190304000568002629100100000000042700000142000002371116    4                       1         
G0793003000026716    2019022020190222826600000005900105320190204000738002592600100000000059000000142000002381116    4                       1         
G0793003000026716    2019022020190222826200000004270105320190304000571002629400100000000042700000142000002391116    4                       1         
G0793003000026716    2019022020190222826200000004150105320190204000615002585200100000000041500000142000002401116    4                       1         
G0793003000026716    2019022020190222826100000004270105320190304000150002606700100000000042700000142000002411116    4                       1         
G0793003000026716    2019022020190222826300000004150105320190204000779002595600100000000041500000142000002421116    4                       1         
G0793003000026716    2019022020190222826800000004150105320190204000247002564900100000000041500000142000002431116    4                       1         
G0793003000026716    2019022020190222826300000004150105320190204000427002574200100000000041500000142000002441116    4                       1         
G0793003000026716    2019022020190222826700000001370105320190304000200002609500100000000013700000142000002451116    4                       1         
G0793003000026716    2019022020190222826800000004750105320190204000630002586100100000000047500000142000002461116    4                       1         
G0793003000026716    2019022020190222826800000004270105320190304000784002641900100000000042700000142000002471116    4                       1         
G0793003000026716    2019022020190222826800000004150105320190204000750002593600100000000041500000142000002481116    4                       1         
G0793003000026716    2019022020190222826900000004320105320190221000628014320500100000000043200000142000002493089    4                       1         
G0793003000026716    2019022020190222826900000004320105320190221000075014270900100000000043200000142000002503089    4                       1         
G0793003000026716    2019022020190222826000000009100105320190121000035014179700100000000091000000142000002513089    4                       1         
G0793003000026716    2019022020190222826000000004200105320181121000832014077100100000000042000000142000002523089    4                       1         
G0793003000026716    2019022020190222826000000007427105320190221000070014270400100000000074270000142000002533089    4                       1         
G0793003000026716    2019022020190222826000000006065105320190221000015014265100100000000060650000142000002543089    4                       1         
G0793003000026716    2019022020190222826500000008093105320190221000366014297300100000000080930000142000002553089    4                       1         
G0793003000026716    2019022020190222826500000005475105320190221000958014347200100000000054750000142000002563089    4                       1         
G0793003000026716    2019022020190222826000000001360105320190221000621014319800100000000013600000142000002573089    4                       1         
G0793003000026716    2019022020190222826500000005350105320190121000295014203000100000000053500000142000002583089    4                       1         
G0793003000026716    2019022020190222826500000004901105320190221000094014272700100000000049010000142000002593089    4                       1         
G0793003000026716    2019022020190222826500000004400105320190121000303014203600100000000044000000142000002603089    4                       1         
G0793003000026716    2019022020190222826400000007246105320190221000424014302400100000000072460000142000002613089    4                       1         
G0793003000026716    2019022020190222826500000004320105320190221000513014310700100000000043200000142000002623089    4                       1         
G0793003000026716    2019022020190222826800000004200105320190121000418014262100100000000042000000142000002633089    4                       1         
G0793003000026716    2019022020190222826500000004230105320190225000329024032000100000000042300000142000002641737    4                       1         
G0793003000026716    2019022020190222826000000016050105320190115000057018004600100000000160500000142000002651141    4                       1         
G0793003000026716    2019022020190222826000000010850105320190115000421018034500100000000108500000142000002661141    4                       1         
G0793003000026716    2019022020190222826900000005415105320190215000546018105600100000000054150000142000002671141    4                       1         
G0793003000026716    2019022020190222826900000004399105320190215000186018076300100000000043990000142000002681141    4                       1         
G0793003000026716    2019022020190222826000000004927105320190215000371018090600100000000049270000142000002691141    4                       1         
G0793003000026716    2019022020190222826000000004200105320190115000410018033700100000000042000000142000002701141    4                       1         
G0793003000026716    2019022020190222826000000004200105320190115000436018035600100000000042000000142000002711141    4                       1         
G0793003000026716    2019022020190222826000000004200105320190115000324018026900100000000042000000142000002721141    4                       1         
G0793003000026716    2019022020190222826600000004200105320190115000459018037800100000000042000000142000002731141    4                       1         
G0793003000026716    2019022020190222826500000004800105320190115000710018059000100000000048000000142000002741141    4                       1         
G0793003000026716    2019022020190222826600000004200105320190115000431018035100100000000042000000142000002751141    4                       1         
G0793003000026716    2019022020190222826500000004200105320190115000456018037500100000000042000000142000002761141    4                       1         
G0793003000026716    2019022020190222826700000004346105320190215000047018064700100000000043460000142000002771141    4                       1         
G0793003000026716    2019022020190222826400000004260105320190215000490018100400100000000042600000142000002781141    4                       1         
G0793003000026716    2019022020190222826500000004260105320190215000704018118900100000000042600000142000002791141    4                       1         
G0793003000026716    2019022020190222826500000004260105320190215000609018111100100000000042600000142000002801141    4                       1         
G0793003000026716    2019022020190222826500000004260105320190215000360018089900100000000042600000142000002811141    4                       1         
G0793003000026716    2019022020190222826400000004200105320190115000610018050800100000000042000000142000002821141    4                       1         
G0793003000026716    2019022020190222826400000004200105320190115000563018046500100000000042000000142000002831141    4                       1         
G0793003000026716    2019022020190222826400000004200105320190115000306018025400100000000042000000142000002841141    4                       1         
G0793003000026716    2019022020190222826300000007920105320190215000370018090500100000000079200000142000002851141    4                       1         
G0793003000026716    2019022020190222826300000004841105320190215000049018064800100000000048410000142000002861141    4                       1         
G0793003000026716    2019022020190222826300000004260105320190215000447018096900100000000042600000142000002871141    4                       1         
G0793003000026716    2019022020190222826300000004260105320190215000355018089400100000000042600000142000002881141    4                       1         
G0793003000026716    2019022020190222826300000004241105320190215000710018119300100000000042410000142000002891141    4                       1         
G0793003000026716    2019022020190222826300000004200105320190115000699018058200100000000042000000142000002901141    4                       1         
G0793003000026716    2019022020190222826300000004200105320190115000356018029200100000000042000000142000002911141    4                       1         
G0793003000026716    2019022020190222826100000005950105320190115000546018045300100000000059500000142000002921141    4                       1         
G0793003000026716    2019022020190222826100000006550105320190115000088018007400100000000065500000142000002931141    4                       1         
G0793003000026716    2019022020190222826300000004200105320190115000319018026600100000000042000000142000002941141    4                       1         
G0793003000026716    2019022020190222826200000004200105320190115000509018041700100000000042000000142000002951141    4                       1         
G0793003000026716    2019022020190222826100000005950105320190115000164018013700100000000059500000142000002961141    4                       1         
G0793003000026716    2019022020190222826100000004800105320190115000396018032800100000000048000000142000002971141    4                       1         
G0793003000026716    2019022020190222826700000005350105320190115000370018030200100000000053500000142000002981141    4                       1         
G0793003000026716    2019022020190222826100000004260105320190215000070018066500100000000042600000142000002991141    4                       1         
G0793003000026716    2019022020190222826700000004346105320190215000054018065200100000000043460000142000003001141    4                       1         
G0793003000026716    2019022020190222826800000006577105320190215000164018074200100000000065770000142000003011141    4                       1         
G0793003000026716    2019022020190222826900000004260105320190215000324018087100100000000042600000142000003021141    4                       1         
G0793003000026716    2019022020190222826700000004260105320190215000410018094000100000000042600000142000003031141    4                       1         
G0793003000026716    2019022020190222826700000004260105320190215000509018102100100000000042600000142000003041141    4                       1         
G0793003000026716    2019022020190222826900000004260105320190215000294018084500100000000042600000142000003051141    4                       1         
G0793003000026716    2019022020190222826700000004200105320190115000704018058600100000000042000000142000003061141    4                       1         
Z00030800000000001713211                                                                                                                              
