A2201053              HIDROFORTETOCANTINS 104CAIXA ECON. FEDERAL 2019022200155803                                                                     
G0793003000026716    2019022120190225826300000001300105300100000070310020275300000000000013000000142000000011829    4                       1         
G0793003000026716    2019022120190225826800000004650105300100000070276081591100000000000046500000142000000023939    4                       1         
G0793003000026716    2019022120190225826900000001322105300100000070876081822000000000000013220000142000000033939    4                       1         
G0793003000026716    2019022120190225826800000019350105300100000070695081630900000000000193500000142000000043939    4                       1         
G0793003000026716    2019022120190225826700000004450105300100000070872081647800000000000044500000142000000053939    4                       1         
G0793003000026716    2019022120190225826800000009800105300100000071528081710000000000000098000000142000000063939    4                       1         
G0793003000026716    2019022120190225826400000001300105300100000071930081748200000000000013000000142000000073939    4                       1         
G0793003000026716    2019022120190225826000000004130105300100000070764081811600000000000041300000142000000083939    4                       1         
G0793003000026716    2019022120190225826000000001322105300100000070589081794500000000000013220000142000000093939    4                       1         
G0793003000026716    2019022120190225826300000004151105300100000070675081803100000000000041510000142000000103939    4                       1         
G0793003000026716    2019022120190225826900000004200105300100000070674081629000000000000042000000142000000113939    4                       1         
G0793003000026716    2019022120190225826100000001355105300100000070992081832700000000000013550000142000000123939    4                       1         
G0793003000026716    2019022120190225826800000004168105300100000070668081802400000000000041680000142000000133939    4                       1         
G0793003000026716    2019022120190225826500000004308105300100000071268081859300000000000043080000142000000143939    4                       1         
G0793003000026716    2019022120190225826100000001322105300100000070974081830900000000000013220000142000000153939    4                       1         
G0793003000026716    2019022120190225826900000001357105300100000070927081826600000000000013570000142000000163939    4                       1         
G0793003000026716    2019022120190225826800000004200105300100000071105081669900000000000042000000142000000173939    4                       1         
G0793003000026716    2019022120190225826500000005350105300100000071298081688500000000000053500000142000000183939    4                       1         
G0793003000026716    2019022120190225826100000004200105300100000071073081666800000000000042000000142000000193939    4                       1         
G0793003000026716    2019022120190225826000000004200105300100000070382081601200000000000042000000142000000203939    4                       1         
G0793003000026716    2019022120190225826300000015700105300100000070012020255800000000000157000000142000000211829    4                       1         
G0793003000026716    2019022120190225826500000004200105300100000070777081638900000000000042000000142000000223939    4                       1         
G0793003000026716    2019022120190225826500000001300105300100000070376081600600000000000013000000142000000233939    4                       1         
G0793003000026716    2019022120190225826100000004100105300100000071349081693600000000000041000000142000000243939    4                       1         
G0793003000026716    2019022120190225826000000009850105300100000070288020273300000000000098500000142000000251829    4                       1         
G0793003000026716    2019022120190225826500000001250105300100000071905081745800000000000012500000142000000263939    4                       1         
G0793003000026716    2019022120190225826700000005850105300100000070088020260200000000000058500000142000000271829    4                       1         
G0793003000026716    2019022120190225826800000004150105300100000070677081803300000000000041500000142000000283939    4                       1         
G0793003000026716    2019022120190225826100000004100105300100000070668081628400000000000041000000142000000293939    4                       1         
G0793003000026716    2019022120190225826100000003558105300100000070646081800200000000000035580000142000000303939    4                       1         
G0793003000026716    2019022120190225826100000003500105300100000070741081635400000000000035000000142000000313939    4                       1         
G0793003000026716    2019022120190225826400000005550105300100000071082081667700000000000055500000142000000323939    4                       1         
G0793003000026716    2019022120190225826200000004300105300100000070628081624400000000000043000000142000000333939    4                       1         
G0793003000026716    2019022120190225826200000004258105300100000070692081804600000000000042580000142000000343939    4                       1         
G0793003000026716    2019022120190225826600000004166105300100000070889081823000000000000041660000142000000353939    4                       1         
G0793003000026716    2019022120190225826600000004130105300100000071044081837800000000000041300000142000000363939    4                       1         
G0793003000026716    2019022120190225826300000004130105300100000070800081815100000000000041300000142000000373939    4                       1         
G0793003000026716    2019022120190225826200000018800105300100000071690081725100000000000188000000142000000383939    4                       1         
G0793003000026716    2019022120190225826100000006750105300100000060487002593600000000000067500000142000000393738    4                       1         
G0793003000026716    2019022120190225826500000006550105300100000070698035679100000000000065500000142000000401829    4                       1         
G0793003000026716    2019022120190225826000000003750105300100000061030002641600000000000037500000142000000413738    4                       1         
G0793003000026716    2019022120190225826700000004200105300100000070501035512800000000000042000000142000000421829    4                       1         
G0793003000026716    2019022120190225826600000004900105300100000001250006720400000000000049000000142000000433863    4                       1         
G0793003000026716    2019022120190225826700000004100105300100000071588081715500000000000041000000142000000443939    4                       1         
G0793003000026716    2019022120190225826500000001650105300100000060808002621900000000000016500000142000000453738    4                       1         
G0793003000026716    2019022120190225826200000006850105300100000060925002632200000000000068500000142000000463738    4                       1         
G0793003000026716    2019022120190225826900000007100105300100000060925002525600000000000071000000142000000473738    4                       1         
G0793003000026716    2019022120190225826900000004650105300100000061346002667500000000000046500000142000000483738    4                       1         
G0793003000026716    2019022120190225826800000007250105300100000061182002654500000000000072500000142000000493738    4                       1         
G0793003000026716    2019022120190225826700000003850105300100000060853002625500000000000038500000142000000503738    4                       1         
G0793003000026716    2019022120190225826700000003800105300100000061216002657600000000000038000000142000000513738    4                       1         
G0793003000026716    2019022120190225826200000004200105300100000070029081584100000000000042000000142000000523939    4                       1         
G0793003000026716    2019022120190225826500000006450105300100000071106081670000000000000064500000142000000533939    4                       1         
G0793003000026716    2019022120190225826100000004874105300100000070994081832900000000000048740000142000000543939    4                       1         
G0793003000026716    2019022120190225826400000004163105300100000070772081812400000000000041630000142000000553939    4                       1         
G0793003000026716    2019022120190225826400000004230105320190225000335024032600100000000042300000142000000561737    4                       1         
G0793003000026716    2019022120190225826800000005755105320190304060487002697800100000000057550000142000000573738    4                       1         
G0793003000026716    2019022120190225826400000004200105320190201000600000577300100000000042000000142000000581141    4                       1         
G0793003000026716    2019022120190225826300000004900105320190201001874000668800100000000049000000142000000591141    4                       1         
G0793003000026716    2019022120190225826300000004290105320190301001944000836800100000000042900000142000000601141    4                       1         
G0793003000026716    2019022120190225826300000004290105320190301000566000740500100000000042900000142000000611141    4                       1         
G0793003000026716    2019022120190225826200000006652105320190301000129000706500100000000066520000142000000621141    4                       1         
G0793003000026716    2019022120190225826200000006550105320190214001471010480600100000000065500000142000000631829    4                       1         
G0793003000026716    2019022120190225826800000004950105320190114000749010311100100000000049500000142000000641829    4                       1         
G0793003000026716    2019022120190225826800000004450105320190214000875010444100100000000044500000142000000651829    4                       1         
G0793003000026716    2019022120190225826800000004350105320190214000828010441200100000000043500000142000000661829    4                       1         
G0793003000026716    2019022120190225826800000004890105320190301000863000763100100000000048900000142000000671141    4                       1         
G0793003000026716    2019022120190225826700000003750105320181205060413002375700100000000037500000142000000683738    4                       1         
G0793003000026716    2019022120190225826400000001432105320190225070066020285700100000000014320000142000000691829    4                       1         
G0793003000026716    2019022120190225826500000006321105320190221000330014294000100000000063210000142000000703089    4                       1         
G0793003000026716    2019022120190225826100000005600105320190121000548014226000100000000056000000142000000713089    4                       1         
G0793003000026716    2019022120190225826100000005482105320190221000309014292000100000000054820000142000000723089    4                       1         
G0793003000026716    2019022120190225826100000005000105320190121000330014206100100000000050000000142000000733089    4                       1         
G0793003000026716    2019022120190225826400000001360105320190221000458014305800100000000013600000142000000743089    4                       1         
G0793003000026716    2019022120190225826000000004150105320190121000142014189600100000000041500000142000000753089    4                       1         
G0793003000026716    2019022120190225826300000007000105320190221000499014309400100000000070000000142000000763089    4                       1         
G0793003000026716    2019022120190225826300000004892105320190221000632014320900100000000048920000142000000773089    4                       1         
G0793003000026716    2019022120190225826300000004406105320190221000840014338300100000000044060000142000000783089    4                       1         
G0793003000026716    2019022120190225826300000004320105320190221000453014305300100000000043200000142000000793089    4                       1         
G0793003000026716    2019022120190225826300000004264105320190221000623014320000100000000042640000142000000803089    4                       1         
G0793003000026716    2019022120190225826200000007489105320190221000618014319600100000000074890000142000000813089    4                       1         
G0793003000026716    2019022120190225826700000001386105320190225070067020285800100000000013860000142000000821829    4                       1         
G0793003000026716    2019022120190225826100000004743105320190225070122020289200100000000047430000142000000831829    4                       1         
G0793003000026716    2019022120190225826400000006748105320190225070294020300400100000000067480000142000000841829    4                       1         
G0793003000026716    2019022120190225826000000004260105320190215000678022132000100000000042600000142000000853738    4                       1         
G0793003000026716    2019022120190225826700000005950105320190115000124022011100100000000059500000142000000863738    4                       1         
G0793003000026716    2019022120190225826700000004353105320190215000776022139700100000000043530000142000000873738    4                       1         
G0793003000026716    2019022120190225826200000004253105320190215000124022083300100000000042530000142000000883738    4                       1         
G0793003000026716    2019022120190225826000000004260105320190215000051022076700100000000042600000142000000893738    4                       1         
G0793003000026716    2019022120190225826500000008816105320190215000065022078100100000000088160000142000000903738    4                       1         
G0793003000026716    2019022120190225826200000004260105320190215000186022088800100000000042600000142000000913738    4                       1         
G0793003000026716    2019022120190225826700000004260105320190215000554022121700100000000042600000142000000923738    4                       1         
G0793003000026716    2019022120190225826800000004300105320190214001084010455700100000000043000000142000000931829    4                       1         
G0793003000026716    2019022120190225826900000005150105320190204070009035706700100000000051500000142000000941829    4                       1         
G0793003000026716    2019022120190225826900000004200105320190114001215010340800100000000042000000142000000951829    4                       1         
G0793003000026716    2019022120190225826800000004200105320190114000961010326200100000000042000000142000000961829    4                       1         
G0793003000026716    2019022120190225826700000004350105320190214001030010453100100000000043500000142000000971829    4                       1         
G0793003000026716    2019022120190225826800000005100105320190214000643010425800100000000051000000142000000981829    4                       1         
G0793003000026716    2019022120190225826500000004300105320190114000064010262400100000000043000000142000000991829    4                       1         
G0793003000026716    2019022120190225826100000004300105320190214001592010487900100000000043000000142000001001829    4                       1         
G0793003000026716    2019022120190225826100000004300105320190214000705010430600100000000043000000142000001011829    4                       1         
G0793003000026716    2019022120190225826400000008550105320190103070009035631100100000000085500000142000001021829    4                       1         
G0793003000026716    2019022120190225826400000006650105320190214000294010402100100000000066500000142000001031829    4                       1         
G0793003000026716    2019022120190225826200000004815105320190215000815022141500100000000048150000142000001043738    4                       1         
G0793003000026716    2019022120190225826200000005700105320190214000991010450600100000000057000000142000001051829    4                       1         
G0793003000026716    2019022120190225826900000004326105320190221000091014272500100000000043260000142000001063089    4                       1         
G0793003000026716    2019022120190225826900000004320105320190221000369014297600100000000043200000142000001073089    4                       1         
G0793003000026716    2019022120190225826900000004312105320190221000171014279600100000000043120000142000001083089    4                       1         
G0793003000026716    2019022120190225826800000007509105320190221000238014285600100000000075090000142000001093089    4                       1         
G0793003000026716    2019022120190225826800000001650105320190121000728014242600100000000016500000142000001103089    4                       1         
G0793003000026716    2019022120190225826800000001365105320190221000516014311000100000000013650000142000001113089    4                       1         
G0793003000026716    2019022120190225826700000010300105320190121000145014189900100000000103000000142000001123089    4                       1         
G0793003000026716    2019022120190225826700000004526105320190221000677014325000100000000045260000142000001133089    4                       1         
G0793003000026716    2019022120190225826700000004320105320190221000809014335800100000000043200000142000001143089    4                       1         
G0793003000026716    2019022120190225826700000004320105320190221000104014273600100000000043200000142000001153089    4                       1         
G0793003000026716    2019022120190225826700000004306105320190221000625014320200100000000043060000142000001163089    4                       1         
G0793003000026716    2019022120190225826700000004305105320190221000107014273900100000000043050000142000001173089    4                       1         
G0793003000026716    2019022120190225826500000004320105320190221000184014280900100000000043200000142000001183089    4                       1         
G0793003000026716    2019022120190225826400000005350105320190121000276014201300100000000053500000142000001193089    4                       1         
G0793003000026716    2019022120190225826500000004311105320190221000527014311900100000000043110000142000001203089    4                       1         
G0793003000026716    2019022120190225826100000004320105320190221000106014273800100000000043200000142000001213089    4                       1         
G0793003000026716    2019022120190225826000000006842105320190221000455014305500100000000068420000142000001223089    4                       1         
G0793003000026716    2019022120190225826000000006650105320190121000467014218700100000000066500000142000001233089    4                       1         
G0793003000026716    2019022120190225826000000005546105320190221000933014345300100000000055460000142000001243089    4                       1         
G0793003000026716    2019022120190225826000000004421105320190221000411014301100100000000044210000142000001253089    4                       1         
G0793003000026716    2019022120190225826000000004350105320190121000291014202600100000000043500000142000001263089    4                       1         
G0793003000026716    2019022120190225826500000004200105320190121000472014219100100000000042000000142000001273089    4                       1         
G0793003000026716    2019022120190225826400000010874105320190221000870014340200100000000108740000142000001283089    4                       1         
G0793003000026716    2019022120190225826400000008130105320190221000199014282100100000000081300000142000001293089    4                       1         
G0793003000026716    2019022120190225826400000004524105320190221000945014346300100000000045240000142000001303089    4                       1         
G0793003000026716    2019022120190225826400000004443105320190221000472014307100100000000044430000142000001313089    4                       1         
G0793003000026716    2019022120190225826400000004411105320190221000346014295400100000000044110000142000001323089    4                       1         
G0793003000026716    2019022120190225826400000004350105320190121000813014249600100000000043500000142000001333089    4                       1         
G0793003000026716    2019022120190225826200000008050105320190121000815014249800100000000080500000142000001343089    4                       1         
G0793003000026716    2019022120190225826400000004306105320190221000847014338900100000000043060000142000001353089    4                       1         
G0793003000026716    2019022120190225826200000004412105320190221000317014292800100000000044120000142000001363089    4                       1         
G0793003000026716    2019022120190225826200000004320105320190221000624014320100100000000043200000142000001373089    4                       1         
G0793003000026716    2019022120190225826200000004320105320190221000185014281000100000000043200000142000001383089    4                       1         
G0793003000026716    2019022120190225826700000001391105320190221000960014347400100000000013910000142000001393089    4                       1         
G0793003000026716    2019022120190225826600000008665105320190221000074014270800100000000086650000142000001403089    4                       1         
G0793003000026716    2019022120190225826600000006065105320190221000420014302000100000000060650000142000001413089    4                       1         
G0793003000026716    2019022120190225826600000006050105320190121000053014181400100000000060500000142000001423089    4                       1         
G0793003000026716    2019022120190225826600000004405105320190221000593014317400100000000044050000142000001433089    4                       1         
G0793003000026716    2019022120190225826600000004318105320190221000170014279500100000000043180000142000001443089    4                       1         
G0793003000026716    2019022120190225826600000004306105320190221000613014319100100000000043060000142000001453089    4                       1         
G0793003000026716    2019022120190225826100000010870105320190221000764014332000100000000108700000142000001463089    4                       1         
G0793003000026716    2019022120190225826600000003665105320190221000564014315100100000000036650000142000001473089    4                       1         
G0793003000026716    2019022120190225826200000005500105320190214000563010419600100000000055000000142000001481829    4                       1         
G0793003000026716    2019022120190225826600000017411105320190215000433018095600100000000174110000142000001491141    4                       1         
G0793003000026716    2019022120190225826600000021700105320190114000398010285800100000000217000000142000001501829    4                       1         
G0793003000026716    2019022120190225826600000005650105320190114000635010302100100000000056500000142000001511829    4                       1         
G0793003000026716    2019022120190225826600000004300105320190114001030010330200100000000043000000142000001521829    4                       1         
G0793003000026716    2019022120190225826500000006550105320190214001343010471800100000000065500000142000001531829    4                       1         
G0793003000026716    2019022120190225826100000005900105320190214000961010449100100000000059000000142000001541829    4                       1         
G0793003000026716    2019022120190225826700000003750105320190204061056002643600100000000037500000142000001553738    4                       1         
G0793003000026716    2019022120190225826700000003850105320190104060950002527600100000000038500000142000001563738    4                       1         
G0793003000026716    2019022120190225826100000005650105320190214000635010425400100000000056500000142000001571829    4                       1         
G0793003000026716    2019022120190225826400000004200105320190114001343010348900100000000042000000142000001581829    4                       1         
G0793003000026716    2019022120190225826300000025150105320190214000398010408800100000000251500000142000001591829    4                       1         
G0793003000026716    2019022120190225826300000005550105320190114001547010362400100000000055500000142000001601829    4                       1         
G0793003000026716    2019022120190225826300000004300105320190214000729010432500100000000043000000142000001611829    4                       1         
G0793003000026716    2019022120190225826500000004348105320190215000432018095500100000000043480000142000001621141    4                       1         
G0793003000026716    2019022120190225826800000004200105320190115000565018046700100000000042000000142000001631141    4                       1         
G0793003000026716    2019022120190225826800000004260105320190215000591018109600100000000042600000142000001641141    4                       1         
G0793003000026716    2019022120190225826900000004200105320190115000609018050700100000000042000000142000001651141    4                       1         
G0793003000026716    2019022120190225826900000004200105320190115000568018047000100000000042000000142000001661141    4                       1         
G0793003000026716    2019022120190225826800000007165105320190215000356018089500100000000071650000142000001671141    4                       1         
G0793003000026716    2019022120190225826700000010100105320190115000482018039600100000000101000000142000001681141    4                       1         
G0793003000026716    2019022120190225826800000004200105320190115000427018034800100000000042000000142000001691141    4                       1         
G0793003000026716    2019022120190225826800000004200105320190115000184018015600100000000042000000142000001701141    4                       1         
G0793003000026716    2019022120190225826500000005350105320190115000433018035300100000000053500000142000001711141    4                       1         
G0793003000026716    2019022120190225826500000004260105320190215000689018117900100000000042600000142000001721141    4                       1         
G0793003000026716    2019022120190225826100000004260105320190215000080018067400100000000042600000142000001731141    4                       1         
G0793003000026716    2019022120190225826100000004260105320190215000184018076100100000000042600000142000001741141    4                       1         
G0793003000026716    2019022120190225826000000004260105320190215000441018096400100000000042600000142000001751141    4                       1         
G0793003000026716    2019022120190225826400000004260105320190215000469018098900100000000042600000142000001761141    4                       1         
G0793003000026716    2019022120190225826700000004200105320190115000469018038600100000000042000000142000001771141    4                       1         
G0793003000026716    2019022120190225826700000004260105320190215000386018092100100000000042600000142000001781141    4                       1         
G0793003000026716    2019022120190225826200000004200105320190115000662018055500100000000042000000142000001791141    4                       1         
G0793003000026716    2019022120190225826200000004200105320190115000582018048400100000000042000000142000001801141    4                       1         
G0793003000026716    2019022120190225826200000004200105320190115000170018014300100000000042000000142000001811141    4                       1         
G0793003000026716    2019022120190225826100000013530105320190215000482018099900100000000135300000142000001821141    4                       1         
G0793003000026716    2019022120190225826400000004200105320190115000591018049200100000000042000000142000001831141    4                       1         
G0793003000026716    2019022120190225826100000010850105320190115000633018053000100000000108500000142000001841141    4                       1         
G0793003000026716    2019022120190225826100000008470105320190215000415018094400100000000084700000142000001851141    4                       1         
G0793003000026716    2019022120190225826400000004260105320190215000279018083300100000000042600000142000001861141    4                       1         
G0793003000026716    2019022120190225826400000004230105320190215000633018113400100000000042300000142000001871141    4                       1         
G0793003000026716    2019022120190225826300000004260105320190215000622018112300100000000042600000142000001881141    4                       1         
G0793003000026716    2019022120190225826800000004270105320190304000305002615500100000000042700000142000001891116    4                       1         
G0793003000026716    2019022120190225826900000004398105320190304000496002624700100000000043980000142000001901116    4                       1         
G0793003000026716    2019022120190225826000000004150105320190204000505002578400100000000041500000142000001911116    4                       1         
G0793003000026716    2019022120190225826100000006750105320190104061056002536600100000000067500000142000001923738    4                       1         
G0793003000026716    2019022120190225826200000003100105320190205005610006836400100000000031000000142000001933863    4                       1         
G0793003000026716    2019022120190225826600000001296105320190304070778035838500100000000012960000142000001941829    4                       1         
G0793003000026716    2019022120190225826100000013450105320190205002680006803700100000000134500000142000001953863    4                       1         
G0793003000026716    2019022120190225826100000006600105320190204060838002624200100000000066000000142000001963738    4                       1         
G0793003000026716    2019022120190225826400000003750105320190104060413002480600100000000037500000142000001973738    4                       1         
G0793003000026716    2019022120190225826000000001332105320190304070581035823800100000000013320000142000001981829    4                       1         
G0793003000026716    2019022120190225826600000004118105320190304070378035809000100000000041180000142000001991829    4                       1         
G0793003000026716    2019022120190225826400000005250105320190204070698035756200100000000052500000142000002001829    4                       1         
G0793003000026716    2019022120190225826300000001250105320190204070694035755900100000000012500000142000002011829    4                       1         
G0793003000026716    2019022120190225826100000004081105320190304070233035798300100000000040810000142000002021829    4                       1         
G0793003000026716    2019022120190225826900000004087105320190304070633035827600100000000040870000142000002031829    4                       1         
G0793003000026716    2019022120190225826000000004150105320190204070894035769900100000000041500000142000002041829    4                       1         
G0793003000026716    2019022120190225826800000007400105320190204071043035781200100000000074000000142000002051829    4                       1         
G0793003000026716    2019022120190225826500000004171105320190304070698035832900100000000041710000142000002061829    4                       1         
G0793003000026716    2019022120190225826000000001250105320181217070090035629000100000000012500000142000002071829    4                       1         
G0793003000026716    2019022120190225826100000001332105320190304070563035822900100000000013320000142000002081829    4                       1         
G0793003000026716    2019022120190225826000000006600105320181203070742035606500100000000066000000142000002091829    4                       1         
G0793003000026716    2019022120190225826500000004136105320190304070487035817800100000000041360000142000002101829    4                       1         
G0793003000026716    2019022120190225826300000004698105320190225070208020294800100000000046980000142000002111829    4                       1         
G0793003000026716    2019022120190225826500000001250105320190204070936035773600100000000012500000142000002121829    4                       1         
G0793003000026716    2019022120190225826400000001308105320190304070090035789900100000000013080000142000002131829    4                       1         
G0793003000026716    2019022120190225826300000001250105320190204070402035733900100000000012500000142000002141829    4                       1         
G0793003000026716    2019022120190225826200000006368105320190304070962035851700100000000063680000142000002151829    4                       1         
G0793003000026716    2019022120190225826200000004050105320190204070752035760400100000000040500000142000002161829    4                       1         
G0793003000026716    2019022120190225826200000004090105320190304070628035827100100000000040900000142000002171829    4                       1         
G0793003000026716    2019022120190225826200000001865105320190304070586035824200100000000018650000142000002181829    4                       1         
G0793003000026716    2019022120190225826100000003500105320190205005966006847100100000000035000000142000002193863    4                       1         
G0793003000026716    2019022120190225826900000007000105320190205000120006780600100000000070000000142000002203863    4                       1         
G0793003000026716    2019022120190225826900000004900105320190205001045006789100100000000049000000142000002213863    4                       1         
G0793003000026716    2019022120190225826800000014750105320190205001340006792000100000000147500000142000002223863    4                       1         
G0793003000026716    2019022120190225826800000003250105320190205005730006841400100000000032500000142000002233863    4                       1         
G0793003000026716    2019022120190225826000000005900105320190205005568006833100100000000059000000142000002243863    4                       1         
G0793003000026716    2019022120190225826400000012200105320190205001665006794900100000000122000000142000002253863    4                       1         
G0793003000026716    2019022120190225826400000009150105320181205002080006656300100000000091500000142000002263863    4                       1         
G0793003000026716    2019022120190225826200000004700105320190105002080006728000100000000047000000142000002273863    4                       1         
G0793003000026716    2019022120190225826300000004200105320190115000441018036100100000000042000000142000002281141    4                       1         
G0793003000026716    2019022120190225826900000001370105320190304000545002627500100000000013700000142000002291116    4                       1         
G0793003000026716    2019022120190225826800000004150105320190204000461002575700100000000041500000142000002301116    4                       1         
G0793003000026716    2019022120190225826500000001370105320190304000385002618900100000000013700000142000002311116    4                       1         
G0793003000026716    2019022120190225826100000007050105320190204000466002576000100000000070500000142000002321116    4                       1         
G0793003000026716    2019022120190225826500000005518105320190304000556002628200100000000055180000142000002331116    4                       1         
G0793003000026716    2019022120190225826100000004750105320190204000565002582100100000000047500000142000002341116    4                       1         
G0793003000026716    2019022120190225826400000004150105320190204000145002558200100000000041500000142000002351116    4                       1         
G0793003000026716    2019022120190225826000000004150105320190204000556002581500100000000041500000142000002361116    4                       1         
G0793003000026716    2019022120190225826000000004150105320190204000437002574700100000000041500000142000002371116    4                       1         
G0793003000026716    2019022120190225826900000006949105320190221000426014302600100000000069490000142000002383089    4                       1         
G0793003000026716    2019022120190225826900000004332105320190221000684014325600100000000043320000142000002393089    4                       1         
G0793003000026716    2019022120190225826800000004290105320190301000438000730200100000000042900000142000002401141    4                       1         
G0793003000026716    2019022120190225826800000004290105320190301000093000704100100000000042900000142000002411141    4                       1         
G0793003000026716    2019022120190225826800000004275105320190301001597000812900100000000042750000142000002421141    4                       1         
G0793003000026716    2019022120190225826800000004200105320190201001885000669700100000000042000000142000002431141    4                       1         
G0793003000026716    2019022120190225826900000004388105320190301000934000768000100000000043880000142000002441141    4                       1         
G0793003000026716    2019022120190225826900000004300105320190201002155000689000100000000043000000142000002451141    4                       1         
G0793003000026716    2019022120190225826900000004222105320190301000915000766700100000000042220000142000002461141    4                       1         
G0793003000026716    2019022120190225826900000004200105320190201000934000603300100000000042000000142000002471141    4                       1         
G0793003000026716    2019022120190225826900000004200105320181203000232000201400100000000042000000142000002481141    4                       1         
G0793003000026716    2019022120190225826800000004200105320190201000220000545500100000000042000000142000002491141    4                       1         
G0793003000026716    2019022120190225826700000005600105320190201001221000624300100000000056000000142000002501141    4                       1         
G0793003000026716    2019022120190225826700000004540105320190301001508000807200100000000045400000142000002511141    4                       1         
G0793003000026716    2019022120190225826700000004300105320190103000232000376000100000000043000000142000002521141    4                       1         
G0793003000026716    2019022120190225826700000004290105320190301000937000768300100000000042900000142000002531141    4                       1         
G0793003000026716    2019022120190225826500000005050105320190201001220000624200100000000050500000142000002541141    4                       1         
G0793003000026716    2019022120190225826500000004390105320190301000923000767200100000000043900000142000002551141    4                       1         
G0793003000026716    2019022120190225826500000004350105320190201000693000584100100000000043500000142000002561141    4                       1         
G0793003000026716    2019022120190225826500000004350105320190201000140000540200100000000043500000142000002571141    4                       1         
G0793003000026716    2019022120190225826500000004290105320190301000345000722900100000000042900000142000002581141    4                       1         
G0793003000026716    2019022120190225826100000004300105320190201001049000611600100000000043000000142000002591141    4                       1         
G0793003000026716    2019022120190225826100000004290105320190301001999000841300100000000042900000142000002601141    4                       1         
G0793003000026716    2019022120190225826100000004290105320190301001046000775900100000000042900000142000002611141    4                       1         
G0793003000026716    2019022120190225826100000004290105320190301000092000704000100000000042900000142000002621141    4                       1         
G0793003000026716    2019022120190225826100000004200105320190201001118000616700100000000042000000142000002631141    4                       1         
G0793003000026716    2019022120190225826000000005350105320190201000282000550500100000000053500000142000002641141    4                       1         
G0793003000026716    2019022120190225826000000004371105320190301000278000717200100000000043710000142000002651141    4                       1         
G0793003000026716    2019022120190225826000000004350105320190201000162000541500100000000043500000142000002661141    4                       1         
G0793003000026716    2019022120190225826000000004290105320190301000764000755300100000000042900000142000002671141    4                       1         
G0793003000026716    2019022120190225826000000004276105320190301000489000734200100000000042760000142000002681141    4                       1         
G0793003000026716    2019022120190225826000000004200105320190201000232000696100100000000042000000142000002691141    4                       1         
G0793003000026716    2019022120190225826500000004290105320190301000088000703600100000000042900000142000002701141    4                       1         
G0793003000026716    2019022120190225826400000003850105320181107000621000061600100000000038500000142000002714481    4                       1         
G0793003000026716    2019022120190225826400000005854105320190221000059014269400100000000058540000142000002723089    4                       1         
G0793003000026716    2019022120190225826800000004230105320190225000567024055000100000000042300000142000002731737    4                       1         
G0793003000026716    2019022120190225826800000004230105320190225000467024045200100000000042300000142000002741737    4                       1         
G0793003000026716    2019022120190225826100000004230105320190225000327024031800100000000042300000142000002751737    4                       1         
G0793003000026716    2019022120190225826100000004230105320190225000309024030000100000000042300000142000002761737    4                       1         
G0793003000026716    2019022120190225826700000004230105320190225000696024067500100000000042300000142000002771737    4                       1         
G0793003000026716    2019022120190225826700000004230105320190225000121024011600100000000042300000142000002781737    4                       1         
G0793003000026716    2019022120190225826600000004230105320190225000010024001000100000000042300000142000002791737    4                       1         
G0793003000026716    2019022120190225826200000004230105320190225000535024051900100000000042300000142000002801737    4                       1         
G0793003000026716    2019022120190225826200000004230105320190225000288024027900100000000042300000142000002811737    4                       1         
G0793003000026716    2019022120190225826100000014414105320190225000496024048000100000000144140000142000002821737    4                       1         
G0793003000026716    2019022120190225826500000010850105320190225000743024071300100000000108500000142000002831737    4                       1         
G0793003000026716    2019022120190225826400000004890105320190301001168000785000100000000048900000142000002841141    4                       1         
G0793003000026716    2019022120190225826700000004290105320190301000031000699700100000000042900000142000002851141    4                       1         
G0793003000026716    2019022120190225826400000004290105320190301000717000751200100000000042900000142000002861141    4                       1         
G0793003000026716    2019022120190225826200000004290105320190301000465000732200100000000042900000142000002871141    4                       1         
G0793003000026716    2019022120190225826200000004290105320190301000015000698500100000000042900000142000002881141    4                       1         
G0793003000026716    2019022120190225826200000004253105320190301000572000740900100000000042530000142000002891141    4                       1         
G0793003000026716    2019022120190225826600000011150105320190201002067000682600100000000111500000142000002901141    4                       1         
G0793003000026716    2019022120190225826600000004300105320190201000391000559400100000000043000000142000002911141    4                       1         
G0793003000026716    2019022120190225826600000004200105320190201000367000557500100000000042000000142000002921141    4                       1         
G0793003000026716    2019022120190225826300000005950105320181203001230000283200100000000059500000142000002931141    4                       1         
G0793003000026716    2019022120190225826300000004985105320190301000070000702300100000000049850000142000002941141    4                       1         
Z00029600000000001505616                                                                                                                              
