A2201053              HIDROFORTETOCANTINS 104CAIXA ECON. FEDERAL 2019022300155903                                                                     
G0793003000026716    2019022220190225826200000001332105300100000070526081788500000000000013320000142000000010793    3                       1         
G0793003000026716    2019022220190225826700000004100105300100000071509081708300000000000041000000142000000023458    3                       1         
G0793003000026716    2019022220190226826400000005850105300100000071531081710300000000000058500000142000000033939    4                       1         
G0793003000026716    2019022220190226826000000004164105300100000071531081883700000000000041640000142000000043939    4                       1         
G0793003000026716    2019022220190226826100000001322105300100000071062081839500000000000013220000142000000053939    4                       1         
G0793003000026716    2019022220190226826600000006950105300100000070257020270700000000000069500000142000000061829    4                       1         
G0793003000026716    2019022220190226826600000004350105300100000070078020259400000000000043500000142000000071829    4                       1         
G0793003000026716    2019022220190226826600000004050105300100000070392020280600000000000040500000142000000081829    4                       1         
G0793003000026716    2019022220190226826100000001308105300100000071405081872600000000000013080000142000000093939    4                       1         
G0793003000026716    2019022220190226826400000004250105300100000070415020282200000000000042500000142000000101829    4                       1         
G0793003000026716    2019022220190226826200000004120105300100000070003081757000000000000041200000142000000113459    4                       1         
G0793003000026716    2019022220190226826800000001341105300100000070400081776900000000000013410000142000000123939    4                       1         
G0793003000026716    2019022220190226826800000001322105300100000071195081852300000000000013220000142000000133939    4                       1         
G0793003000026716    2019022220190226826500000004850105300100000000910006716900000000000048500000142000000143863    4                       1         
G0793003000026716    2019022220190226826800000001280105300100000070470081783400000000000012800000142000000153939    4                       1         
G0793003000026716    2019022220190226826000000009867105300100000071116081844700000000000098670000142000000163939    4                       1         
G0793003000026716    2019022220190226826700000005850105300100000071648081894500000000000058500000142000000173939    4                       1         
G0793003000026716    2019022220190226826000000004650105300100000061295002349800000000000046500000142000000183089    4                       1         
G0793003000026716    2019022220190226826700000004650105300100000061295002557800000000000046500000142000000193089    4                       1         
G0793003000026716    2019022220190226826700000004670105300100000070556081791400000000000046700000142000000203939    4                       1         
G0793003000026716    2019022220190226826100000001325105300100000071706081899800000000000013250000142000000213939    4                       1         
G0793003000026716    2019022220190226826900000001250105300100000070418081604700000000000012500000142000000223939    4                       1         
G0793003000026716    2019022220190226826500000004085105300100000071961081924300000000000040850000142000000233939    4                       1         
G0793003000026716    2019022220190226826500000001329105300100000071000081833500000000000013290000142000000243939    4                       1         
G0793003000026716    2019022220190226826500000001328105300100000070643081799900000000000013280000142000000253939    4                       1         
G0793003000026716    2019022220190226826000000004157105300100000071168081849800000000000041570000142000000263939    4                       1         
G0793003000026716    2019022220190226826500000004130105300100000071948081923000000000000041300000142000000273939    4                       1         
G0793003000026716    2019022220190226826800000004130105300100000070479081784200000000000041300000142000000283939    4                       1         
G0793003000026716    2019022220190226826100000004163105300100000070782081813400000000000041630000142000000293939    4                       1         
G0793003000026716    2019022220190226826500000004209105300100000071034081836800000000000042090000142000000303939    4                       1         
G0793003000026716    2019022220190226826500000004202105300100000071103081843500000000000042020000142000000313939    4                       1         
G0793003000026716    2019022220190226826500000004167105300100000071282081860700000000000041670000142000000323939    4                       1         
G0793003000026716    2019022220190226826900000004100105300100000070341081424500000000000041000000142000000333939    4                       1         
G0793003000026716    2019022220190226826400000004701105300100000071164081849400000000000047010000142000000343939    4                       1         
G0793003000026716    2019022220190226826400000004168105300100000071040081837400000000000041680000142000000353939    4                       1         
G0793003000026716    2019022220190226826400000006500105300100000070673081628900000000000065000000142000000363939    4                       1         
G0793003000026716    2019022220190226826100000004150105300100000070812081816200000000000041500000142000000373939    4                       1         
G0793003000026716    2019022220190226826100000004130105300100000071225081855000000000000041300000142000000383939    4                       1         
G0793003000026716    2019022220190226826100000004130105300100000070618081797400000000000041300000142000000393939    4                       1         
G0793003000026716    2019022220190226826100000004130105300100000070513081787300000000000041300000142000000403939    4                       1         
G0793003000026716    2019022220190226826500000004130105300100000071236081856100000000000041300000142000000413939    4                       1         
G0793003000026716    2019022220190226826800000004130105300100000071120081845100000000000041300000142000000423939    4                       1         
G0793003000026716    2019022220190226826800000004130105300100000070786081813800000000000041300000142000000433939    4                       1         
G0793003000026716    2019022220190226826000000004692105300100000071952081923400000000000046920000142000000443939    4                       1         
G0793003000026716    2019022220190226826400000003028105300100000071725081901600000000000030280000142000000453939    4                       1         
G0793003000026716    2019022220190226826400000001347105300100000071059081839200000000000013470000142000000463939    4                       1         
G0793003000026716    2019022220190226826900000004168105300100000071198081852600000000000041680000142000000473939    4                       1         
G0793003000026716    2019022220190226826400000001300105300100000070916081651900000000000013000000142000000483939    4                       1         
G0793003000026716    2019022220190226826400000001250105300100000071805081736000000000000012500000142000000493939    4                       1         
G0793003000026716    2019022220190226826300000007750105300100000072003081927000000000000077500000142000000503939    4                       1         
G0793003000026716    2019022220190226826300000006450105300100000070750081636300000000000064500000142000000513939    4                       1         
G0793003000026716    2019022220190226826300000004130105300100000071951081923300000000000041300000142000000523939    4                       1         
G0793003000026716    2019022220190226826300000004130105300100000071183081851100000000000041300000142000000533939    4                       1         
G0793003000026716    2019022220190226826300000004130105300100000071081081841400000000000041300000142000000543939    4                       1         
G0793003000026716    2019022220190226826300000004130105300100000070748081810100000000000041300000142000000553939    4                       1         
G0793003000026716    2019022220190226826300000004130105300100000070632081798800000000000041300000142000000563939    4                       1         
G0793003000026716    2019022220190226826700000004250105300100000070324081595700000000000042500000142000000573939    4                       1         
G0793003000026716    2019022220190226826700000004200105300100000070254081588900000000000042000000142000000583939    4                       1         
G0793003000026716    2019022220190226826700000004140105300100000070422081778900000000000041400000142000000593939    4                       1         
G0793003000026716    2019022220190226826700000004130105300100000070448081781300000000000041300000142000000603939    4                       1         
G0793003000026716    2019022220190226826700000001322105300100000070446081781100000000000013220000142000000613939    4                       1         
G0793003000026716    2019022220190226826700000001294105300100000071801081909000000000000012940000142000000623939    4                       1         
G0793003000026716    2019022220190226826700000001250105300100000071098081669200000000000012500000142000000633939    4                       1         
G0793003000026716    2019022220190226826600000015000105300100000070702081631600000000000150000000142000000643939    4                       1         
G0793003000026716    2019022220190226826900000004145105300100000070064081758900000000000041450000142000000653939    4                       1         
G0793003000026716    2019022220190226826900000004144105300100000071576081887600000000000041440000142000000663939    4                       1         
G0793003000026716    2019022220190226826800000004163105300100000071056081838900000000000041630000142000000673939    4                       1         
G0793003000026716    2019022220190226826800000004135105300100000071607081890600000000000041350000142000000683939    4                       1         
G0793003000026716    2019022220190226826900000004130105300100000070811081816100000000000041300000142000000693939    4                       1         
G0793003000026716    2019022220190226826400000004166105300100000071517081882400000000000041660000142000000703939    4                       1         
G0793003000026716    2019022220190226826800000004200105300100000070556081617400000000000042000000142000000713939    4                       1         
G0793003000026716    2019022220190226826900000004122105300100000071203081853000000000000041220000142000000723939    4                       1         
G0793003000026716    2019022220190226826600000005300105300100000070919081652200000000000053000000142000000733939    4                       1         
G0793003000026716    2019022220190226826600000004853105300100000070406081777400000000000048530000142000000743939    4                       1         
G0793003000026716    2019022220190226826900000001328105300100000070916081825600000000000013280000142000000753939    4                       1         
G0793003000026716    2019022220190226826600000004694105300100000070475081783900000000000046940000142000000763939    4                       1         
G0793003000026716    2019022220190226826600000004686105300100000070416081778400000000000046860000142000000773939    4                       1         
G0793003000026716    2019022220190226826300000001322105300100000070275081765100000000000013220000142000000783939    4                       1         
G0793003000026716    2019022220190226826300000001308105300100000071199081852700000000000013080000142000000793939    4                       1         
G0793003000026716    2019022220190226826300000001285105300100000071695081898800000000000012850000142000000803939    4                       1         
G0793003000026716    2019022220190226826200000009136105300100000071498081881000000000000091360000142000000813939    4                       1         
G0793003000026716    2019022220190226826200000007000105300100000070269081590400000000000070000000142000000823939    4                       1         
G0793003000026716    2019022220190226826200000004818105300100000071023081835800000000000048180000142000000833939    4                       1         
G0793003000026716    2019022220190226826200000004254105300100000070979081831400000000000042540000142000000843939    4                       1         
G0793003000026716    2019022220190226826200000004144105300100000070254081763000000000000041440000142000000853939    4                       1         
G0793003000026716    2019022220190226826200000004130105300100000071717081900900000000000041300000142000000863939    4                       1         
G0793003000026716    2019022220190226826200000004130105300100000071144081847400000000000041300000142000000873939    4                       1         
G0793003000026716    2019022220190226826600000004130105300100000071362081868600000000000041300000142000000883939    4                       1         
G0793003000026716    2019022220190226826600000001350105300100000070511081787100000000000013500000142000000893939    4                       1         
G0793003000026716    2019022220190226826700000005350105300100000061130002650100000000000053500000142000000903738    4                       1         
G0793003000026716    2019022220190226826600000004750105300100000061250002659800000000000047500000142000000913738    4                       1         
G0793003000026716    2019022220190226826700000003850105300100000060054002564500000000000038500000142000000923738    4                       1         
G0793003000026716    2019022220190226826700000003950105300100000061028002641400000000000039500000142000000933738    4                       1         
G0793003000026716    2019022220190226826700000004400105300100000060851002625300000000000044000000142000000943738    4                       1         
G0793003000026716    2019022220190226826300000003850105300100000060153002566600000000000038500000142000000953738    4                       1         
G0793003000026716    2019022220190226826600000001300105300100000070828081643700000000000013000000142000000963939    4                       1         
G0793003000026716    2019022220190226826800000003750105300100000060515002595800000000000037500000142000000973738    4                       1         
G0793003000026716    2019022220190226826600000004200105300100000071554081712200000000000042000000142000000981829    4                       1         
G0793003000026716    2019022220190226826900000004250105300100000060872002627400000000000042500000142000000993738    4                       1         
G0793003000026716    2019022220190226826900000003750105300100000060935002633100000000000037500000142000001003738    4                       1         
G0793003000026716    2019022220190226826100000003750105300100000061222002658000000000000037500000142000001013738    4                       1         
G0793003000026716    2019022220190226826900000003750105300100000060494002594100000000000037500000142000001023738    4                       1         
G0793003000026716    2019022220190226826800000006000105300100000060898002629700000000000060000000142000001033738    4                       1         
G0793003000026716    2019022220190226826400000011250105300100000061302002663500000000000112500000142000001043738    4                       1         
G0793003000026716    2019022220190226826100000004350105300100000060604002602900000000000043500000142000001053738    4                       1         
G0793003000026716    2019022220190226826100000003850105300100000060727002614200000000000038500000142000001063738    4                       1         
G0793003000026716    2019022220190226826600000001299105300100000070972081830700000000000012990000142000001073939    4                       1         
G0793003000026716    2019022220190226826600000001284105300100000070828081817700000000000012840000142000001083939    4                       1         
G0793003000026716    2019022220190226826600000001272105300100000070265081764100000000000012720000142000001093939    4                       1         
G0793003000026716    2019022220190226826500000003850105300100000060528002596600000000000038500000142000001103738    4                       1         
G0793003000026716    2019022220190226826500000009881105300100000071520081882700000000000098810000142000001113939    4                       1         
G0793003000026716    2019022220190226826500000009300105300100000071108081670200000000000093000000142000001123939    4                       1         
G0793003000026716    2019022220190226826500000009050105300100000071489081706600000000000090500000142000001133939    4                       1         
G0793003000026716    2019022220190226826500000006700105300100000070341081251100000000000067000000142000001143939    4                       1         
G0793003000026716    2019022220190226826500000006630105300100000071924081921000000000000066300000142000001153939    4                       1         
G0793003000026716    2019022220190226826500000005900105300100000071870081742300000000000059000000142000001163939    4                       1         
G0793003000026716    2019022220190226826500000004275105300100000071386081870800000000000042750000142000001173939    4                       1         
G0793003000026716    2019022220190226826200000001322105300100000071470081878400000000000013220000142000001183939    4                       1         
G0793003000026716    2019022220190226826000000004200105300100000071565081713300000000000042000000142000001193939    4                       1         
G0793003000026716    2019022220190226826000000004130105300100000071434081875200000000000041300000142000001203939    4                       1         
G0793003000026716    2019022220190226826000000004130105300100000071193081852100000000000041300000142000001213939    4                       1         
G0793003000026716    2019022220190226826000000004130105300100000070615081797100000000000041300000142000001223939    4                       1         
G0793003000026716    2019022220190226826000000004127105300100000070844081819200000000000041270000142000001233939    4                       1         
G0793003000026716    2019022220190226826200000001280105300100000071643081894000000000000012800000142000001243939    4                       1         
G0793003000026716    2019022220190226826100000007891105300100000071637081893400000000000078910000142000001253939    4                       1         
G0793003000026716    2019022220190226826100000007800105300100000071376081696100000000000078000000142000001263939    4                       1         
G0793003000026716    2019022220190226826000000004122105300100000071330081865500000000000041220000142000001273939    4                       1         
G0793003000026716    2019022220190226826000000004100105300100000070803081641400000000000041000000142000001283939    4                       1         
G0793003000026716    2019022220190226826000000004100105300100000070341081755900000000000041000000142000001293939    4                       1         
G0793003000026716    2019022220190226826000000001310105300100000070845081819300000000000013100000142000001303939    4                       1         
G0793003000026716    2019022220190226826000000001294105300100000070477081784100000000000012940000142000001313939    4                       1         
G0793003000026716    2019022220190226826400000006700105300100000060928002632500000000000067000000142000001323738    4                       1         
G0793003000026716    2019022220190226826900000004082105320190304070251035800000100000000040820000142000001331829    4                       1         
G0793003000026716    2019022220190226826000000001100105320190304060684002714300100000000011000000142000001343738    4                       1         
G0793003000026716    2019022220190226826800000003882105320190304060443002693700100000000038820000142000001353738    4                       1         
G0793003000026716    2019022220190226826800000003843105320190304060369002687500100000000038430000142000001363738    4                       1         
G0793003000026716    2019022220190226826400000004350105320190214001452010479200100000000043500000142000001371829    4                       1         
G0793003000026716    2019022220190226826400000004200105320190114000442010289100100000000042000000142000001381829    4                       1         
G0793003000026716    2019022220190226826000000011800105320190214000568010420100100000000118000000142000001391829    4                       1         
G0793003000026716    2019022220190226826000000011050105320190214001491010481700100000000110500000142000001401829    4                       1         
G0793003000026716    2019022220190226826000000007200105320190214000629010424900100000000072000000142000001411829    4                       1         
G0793003000026716    2019022220190226826700000007500105320190214001338010471500100000000075000000142000001421829    4                       1         
G0793003000026716    2019022220190226826700000004800105320190114001572010381000100000000048000000142000001431829    4                       1         
G0793003000026716    2019022220190226826000000004290105320190301000255000715500100000000042900000142000001441141    4                       1         
G0793003000026716    2019022220190226826900000005983105320190301000868000763500100000000059830000142000001451141    4                       1         
G0793003000026716    2019022220190226826500000003882105320190304060331002684200100000000038820000142000001463738    4                       1         
G0793003000026716    2019022220190226826900000004450105320190201001091000614800100000000044500000142000001471141    4                       1         
G0793003000026716    2019022220190226826900000004290105320190301000559000739800100000000042900000142000001481141    4                       1         
G0793003000026716    2019022220190226826900000004290105320190301000555000739500100000000042900000142000001491141    4                       1         
G0793003000026716    2019022220190226826500000001154105320190304060731002718700100000000011540000142000001503738    4                       1         
G0793003000026716    2019022220190226826900000004282105320190301001191000786500100000000042820000142000001511141    4                       1         
G0793003000026716    2019022220190226826800000008600105320190201000926000602700100000000086000000142000001521141    4                       1         
G0793003000026716    2019022220190226826400000006019105320190301000721000751600100000000060190000142000001531141    4                       1         
G0793003000026716    2019022220190226826400000004290105320190301001581000811600100000000042900000142000001541141    4                       1         
G0793003000026716    2019022220190226826800000004440105320190301001954000837800100000000044400000142000001551141    4                       1         
G0793003000026716    2019022220190226826800000004350105320190201000344000555800100000000043500000142000001561141    4                       1         
G0793003000026716    2019022220190226826800000004290105320190301001354000797100100000000042900000142000001571141    4                       1         
G0793003000026716    2019022220190226826800000004200105320190201001442000696400100000000042000000142000001581141    4                       1         
G0793003000026716    2019022220190226826100000004290105320190301001816000828200100000000042900000142000001591141    4                       1         
G0793003000026716    2019022220190226826000000031500105320190201000159000541400100000000315000000142000001601141    4                       1         
G0793003000026716    2019022220190226826700000004300105320190214000307010403100100000000043000000142000001611829    4                       1         
G0793003000026716    2019022220190226826800000001154105320190304060629002709400100000000011540000142000001623738    4                       1         
G0793003000026716    2019022220190226826700000004250105320190204070869035768600100000000042500000142000001631829    4                       1         
G0793003000026716    2019022220190226826300000004090105320190304070737035835900100000000040900000142000001641829    4                       1         
G0793003000026716    2019022220190226826600000003882105320190304060756002721200100000000038820000142000001653738    4                       1         
G0793003000026716    2019022220190226826700000003855105320190304060644002710700100000000038550000142000001663738    4                       1         
G0793003000026716    2019022220190226826300000003882105320190304060801002725400100000000038820000142000001673738    4                       1         
G0793003000026716    2019022220190226826200000003882105320190304060348002685800100000000038820000142000001683738    4                       1         
G0793003000026716    2019022220190226826500000007616105320190304060914002735100100000000076160000142000001693738    4                       1         
G0793003000026716    2019022220190226826200000003882105320190304060924002735900100000000038820000142000001703738    4                       1         
G0793003000026716    2019022220190226826700000003882105320190304061136002754100100000000038820000142000001713738    4                       1         
G0793003000026716    2019022220190226826300000003882105320190304060559002703400100000000038820000142000001723738    4                       1         
G0793003000026716    2019022220190226826700000004882105320190304060959002738800100000000048820000142000001733738    4                       1         
G0793003000026716    2019022220190226826600000003882105320190304060356002686500100000000038820000142000001743738    4                       1         
G0793003000026716    2019022220190226826500000010500105320190204060697002611400100000000105000000142000001753738    4                       1         
G0793003000026716    2019022220190226826200000003882105320190304060483002697400100000000038820000142000001763738    4                       1         
G0793003000026716    2019022220190226826200000003882105320190304060364002687200100000000038820000142000001773738    4                       1         
G0793003000026716    2019022220190226826300000004094105320190304060812002726300100000000040940000142000001783738    4                       1         
G0793003000026716    2019022220190226826000000006050105320190204071040035781000100000000060500000142000001791829    4                       1         
G0793003000026716    2019022220190226826200000003865105320190304060888002732800100000000038650000142000001803738    4                       1         
G0793003000026716    2019022220190226826100000008402105320190304060929002736200100000000084020000142000001813738    4                       1         
G0793003000026716    2019022220190226826100000005050105320190304060076002670200100000000050500000142000001823738    4                       1         
G0793003000026716    2019022220190226826900000004150105320190204070629035750600100000000041500000142000001831829    4                       1         
G0793003000026716    2019022220190226826600000003882105320190304061133002753800100000000038820000142000001843738    4                       1         
G0793003000026716    2019022220190226826500000004090105320190304071000035854500100000000040900000142000001851829    4                       1         
G0793003000026716    2019022220190226826400000004150105320190204070623035750200100000000041500000142000001861829    4                       1         
G0793003000026716    2019022220190226826100000001332105320190304070129035791600100000000013320000142000001871829    4                       1         
G0793003000026716    2019022220190226826300000004300105320190214000608010423400100000000043000000142000001881829    4                       1         
G0793003000026716    2019022220190226826600000004300105320190214000710010431000100000000043000000142000001891829    4                       1         
G0793003000026716    2019022220190226826600000004250105320190204070872035768900100000000042500000142000001901829    4                       1         
G0793003000026716    2019022220190226826300000001332105320190304070038035786400100000000013320000142000001911829    4                       1         
G0793003000026716    2019022220190226826300000004125105320190304070291035803200100000000041250000142000001921829    4                       1         
G0793003000026716    2019022220190226826200000010850105320190114000026010379900100000000108500000142000001931829    4                       1         
G0793003000026716    2019022220190226826200000007250105320190214001572010486300100000000072500000142000001941829    4                       1         
G0793003000026716    2019022220190226826300000003882105320190304060329002684000100000000038820000142000001953738    4                       1         
G0793003000026716    2019022220190226826700000003882105320190304060828002727500100000000038820000142000001963738    4                       1         
G0793003000026716    2019022220190226826700000003882105320190304060747002720300100000000038820000142000001973738    4                       1         
G0793003000026716    2019022220190226826000000003886105320190304060618002708500100000000038860000142000001983738    4                       1         
G0793003000026716    2019022220190226826000000003882105320190304060529002701000100000000038820000142000001993738    4                       1         
G0793003000026716    2019022220190226826400000004157105320190304070195035795500100000000041570000142000002001829    4                       1         
G0793003000026716    2019022220190226826900000001250105320190204070466035739000100000000012500000142000002011829    4                       1         
G0793003000026716    2019022220190226826200000004200105320190114001352010349400100000000042000000142000002021829    4                       1         
G0793003000026716    2019022220190226826000000005973105320190225000117024011200100000000059730000142000002031737    4                       1         
G0793003000026716    2019022220190226826000000004350105320190214001352010472300100000000043500000142000002041829    4                       1         
G0793003000026716    2019022220190226826300000004230105320190225000397024038600100000000042300000142000002051737    4                       1         
G0793003000026716    2019022220190226826200000005392105320190225000078024007400100000000053920000142000002061737    4                       1         
G0793003000026716    2019022220190226826200000004230105320190225000699024067600100000000042300000142000002071737    4                       1         
G0793003000026716    2019022220190226826500000004811105320190225000027024002400100000000048110000142000002081737    4                       1         
G0793003000026716    2019022220190226826500000004230105320190225000347024033800100000000042300000142000002091737    4                       1         
G0793003000026716    2019022220190226826000000004230105320190225000675024065700100000000042300000142000002101737    4                       1         
G0793003000026716    2019022220190226826000000004230105320190225000154024014800100000000042300000142000002111737    4                       1         
G0793003000026716    2019022220190226826000000004230105320190225000102024009800100000000042300000142000002121737    4                       1         
G0793003000026716    2019022220190226826900000003882105320190304060802002725500100000000038820000142000002133738    4                       1         
G0793003000026716    2019022220190226826400000005392105320190225000644024062600100000000053920000142000002141737    4                       1         
G0793003000026716    2019022220190226826400000004230105320190225000571024055400100000000042300000142000002151737    4                       1         
G0793003000026716    2019022220190226826100000003846105320190304060558002703300100000000038460000142000002163738    4                       1         
G0793003000026716    2019022220190226826900000003862105320190304060469002696200100000000038620000142000002173738    4                       1         
G0793003000026716    2019022220190226826400000003882105320190304060724002718000100000000038820000142000002183738    4                       1         
G0793003000026716    2019022220190226826900000004346105320190304061065002748100100000000043460000142000002190783    4                       1         
G0793003000026716    2019022220190226826900000003850105320181206000430095554600100000000038500000142000002204481    4                       1         
G0793003000026716    2019022220190226826900000003850105320181107000716000071100100000000038500000142000002214481    4                       1         
G0793003000026716    2019022220190226826100000004230105320190225000044024004100100000000042300000142000002221737    4                       1         
G0793003000026716    2019022220190226826000000005973105320190225000266024025800100000000059730000142000002231737    4                       1         
G0793003000026716    2019022220190226826100000005180105320190304070082035789300100000000051800000142000002244065    4                       1         
G0793003000026716    2019022220190226826200000004260105320190215000121022083000100000000042600000142000002253738    4                       1         
G0793003000026716    2019022220190226826900000004305105320190221000318014292900100000000043050000142000002263089    4                       1         
G0793003000026716    2019022220190226826100000003850105320181206000820095592600100000000038500000142000002274481    4                       1         
G0793003000026716    2019022220190226826900000003882105320190304060566002704100100000000038820000142000002283738    4                       1         
G0793003000026716    2019022220190226826900000003882105320190304060272002679400100000000038820000142000002293738    4                       1         
G0793003000026716    2019022220190226826400000003869105320190304060640002710300100000000038690000142000002303738    4                       1         
G0793003000026716    2019022220190226826400000003829105320190304061079002748900100000000038290000142000002313738    4                       1         
G0793003000026716    2019022220190226826900000003882105320190304060206002674200100000000038820000142000002323738    4                       1         
G0793003000026716    2019022220190226826000000007200105320190201000810000593900100000000072000000142000002331141    4                       1         
G0793003000026716    2019022220190226826000000007100105320190201000714000585800100000000071000000142000002341141    4                       1         
G0793003000026716    2019022220190226826700000005438105320190301001806000827500100000000054380000142000002351141    4                       1         
G0793003000026716    2019022220190226826000000005464105320190301001525000808400100000000054640000142000002361141    4                       1         
G0793003000026716    2019022220190226826000000004439105320190301000344000722800100000000044390000142000002371141    4                       1         
G0793003000026716    2019022220190226826700000004350105320190201000640000580400100000000043500000142000002381141    4                       1         
G0793003000026716    2019022220190226826700000004290105320190301002012000842000100000000042900000142000002391141    4                       1         
G0793003000026716    2019022220190226826000000004389105320190301000810000758900100000000043890000142000002401141    4                       1         
G0793003000026716    2019022220190226826300000006100105320190301002232000857700100000000061000000142000002411141    4                       1         
G0793003000026716    2019022220190226826300000005440105320190301000831000760500100000000054400000142000002421141    4                       1         
G0793003000026716    2019022220190226826300000004300105320190201001663000653700100000000043000000142000002431141    4                       1         
G0793003000026716    2019022220190226826300000004300105320190201001080000613900100000000043000000142000002441141    4                       1         
G0793003000026716    2019022220190226826700000004200105320190201001768000661300100000000042000000142000002451141    4                       1         
G0793003000026716    2019022220190226826600000006200105320190201001842000666800100000000062000000142000002461141    4                       1         
G0793003000026716    2019022220190226826600000004950105320190201001215000623700100000000049500000142000002471141    4                       1         
G0793003000026716    2019022220190226826600000004300105320190201000188000543200100000000043000000142000002481141    4                       1         
G0793003000026716    2019022220190226826600000004290105320190301001598000813000100000000042900000142000002491141    4                       1         
G0793003000026716    2019022220190226826600000004290105320190301001591000812400100000000042900000142000002501141    4                       1         
G0793003000026716    2019022220190226826600000004290105320190301001369000798300100000000042900000142000002511141    4                       1         
G0793003000026716    2019022220190226826200000006650105320190201002051000681500100000000066500000142000002521141    4                       1         
G0793003000026716    2019022220190226826200000006100105320190201000707000585300100000000061000000142000002531141    4                       1         
G0793003000026716    2019022220190226826200000005433105320190301000641000746000100000000054330000142000002541141    4                       1         
G0793003000026716    2019022220190226826600000004276105320190301000629000745300100000000042760000142000002551141    4                       1         
G0793003000026716    2019022220190226826200000005403105320190301001244000790000100000000054030000142000002561141    4                       1         
G0793003000026716    2019022220190226826200000005012105320190301000225000713100100000000050120000142000002571141    4                       1         
G0793003000026716    2019022220190226826200000004981105320190301000087000703500100000000049810000142000002581141    4                       1         
G0793003000026716    2019022220190226826200000004300105320190201001901000670800100000000043000000142000002591141    4                       1         
G0793003000026716    2019022220190226826200000004290105320190301001289000792600100000000042900000142000002601141    4                       1         
G0793003000026716    2019022220190226826200000004290105320190301000895000765200100000000042900000142000002611141    4                       1         
G0793003000026716    2019022220190226826500000008672105320190301000556000739600100000000086720000142000002621141    4                       1         
G0793003000026716    2019022220190226826500000006650105320190201001700000656300100000000066500000142000002631141    4                       1         
G0793003000026716    2019022220190226826500000005000105320190201000732000587600100000000050000000142000002641141    4                       1         
G0793003000026716    2019022220190226826500000004290105320190301001457000803600100000000042900000142000002651141    4                       1         
G0793003000026716    2019022220190226826500000004279105320190301001906000834400100000000042790000142000002661141    4                       1         
G0793003000026716    2019022220190226826500000004257105320190301001347000796800100000000042570000142000002671141    4                       1         
G0793003000026716    2019022220190226826000000004350105320190201000787000592200100000000043500000142000002681141    4                       1         
G0793003000026716    2019022220190226826000000004300105320190201001495000642300100000000043000000142000002691141    4                       1         
G0793003000026716    2019022220190226826000000004290105320190301001973000839500100000000042900000142000002701141    4                       1         
G0793003000026716    2019022220190226826000000004290105320190301000667000747700100000000042900000142000002711141    4                       1         
G0793003000026716    2019022220190226826000000004275105320190301000064000701800100000000042750000142000002721141    4                       1         
G0793003000026716    2019022220190226826100000005021105320190301001327000795400100000000050210000142000002731141    4                       1         
G0793003000026716    2019022220190226826900000006200105320190214000735010433100100000000062000000142000002741829    4                       1         
G0793003000026716    2019022220190226826900000003882105320190304060480002697200100000000038820000142000002753738    4                       1         
G0793003000026716    2019022220190226826400000004260105320190215000577018108300100000000042600000142000002761141    4                       1         
G0793003000026716    2019022220190226826400000004841105320190215000582018108800100000000048410000142000002771141    4                       1         
G0793003000026716    2019022220190226826500000004260105320190215000404018093500100000000042600000142000002781141    4                       1         
G0793003000026716    2019022220190226826400000004179105320190225070285020299700100000000041790000142000002791829    4                       1         
G0793003000026716    2019022220190226826800000004293105320190225070405020307800100000000042930000142000002801829    4                       1         
G0793003000026716    2019022220190226826800000001446105320190225070092020287500100000000014460000142000002811829    4                       1         
G0793003000026716    2019022220190226826800000001402105320190225070301020301100100000000014020000142000002821829    4                       1         
G0793003000026716    2019022220190226826700000004136105320190304070187035794700100000000041360000142000002831829    4                       1         
G0793003000026716    2019022220190226826700000004200105320190115000443018036300100000000042000000142000002841141    4                       1         
G0793003000026716    2019022220190226826700000004260105320190215000579018108500100000000042600000142000002851141    4                       1         
G0793003000026716    2019022220190226826200000003300105320190205005978006847900100000000033000000142000002863863    4                       1         
G0793003000026716    2019022220190226826400000004700105320190205000910006787700100000000047000000142000002873863    4                       1         
G0793003000026716    2019022220190226826300000003206105320190306000150006852200100000000032060000142000002883863    4                       1         
G0793003000026716    2019022220190226826300000003100105320190306005939006916100100000000031000000142000002893863    4                       1         
G0793003000026716    2019022220190226826600000004313105320190304070149035792000100000000043130000142000002901829    4                       1         
G0793003000026716    2019022220190226826600000004150105320190204070192035717700100000000041500000142000002911829    4                       1         
G0793003000026716    2019022220190226826600000001250105320190204070810035764200100000000012500000142000002921829    4                       1         
G0793003000026716    2019022220190226826900000004200105320190115000577018047900100000000042000000142000002931141    4                       1         
G0793003000026716    2019022220190226826100000004362105320190215000161018073900100000000043620000142000002941141    4                       1         
G0793003000026716    2019022220190226826600000001250105320190204070401035733800100000000012500000142000002951829    4                       1         
G0793003000026716    2019022220190226826100000005850105320190204070188035717300100000000058500000142000002961829    4                       1         
G0793003000026716    2019022220190226826000000004104105320190304070265035801300100000000041040000142000002971829    4                       1         
G0793003000026716    2019022220190226826000000004090105320190304070164035792700100000000040900000142000002981829    4                       1         
G0793003000026716    2019022220190226826000000004050105320190204070498035741600100000000040500000142000002991829    4                       1         
G0793003000026716    2019022220190226826800000004230105320190225000261024025300100000000042300000142000003001116    4                       1         
G0793003000026716    2019022220190226826100000004200105320190115000573018047500100000000042000000142000003011141    4                       1         
G0793003000026716    2019022220190226826100000004200105320190115000656018055000100000000042000000142000003021141    4                       1         
G0793003000026716    2019022220190226826700000008656105320190215000628018112900100000000086560000142000003031141    4                       1         
G0793003000026716    2019022220190226826300000004260105320190215000443018096600100000000042600000142000003041141    4                       1         
G0793003000026716    2019022220190226826300000004260105320190215000063018065900100000000042600000142000003051141    4                       1         
G0793003000026716    2019022220190226826700000004260105320190215000589018109400100000000042600000142000003061141    4                       1         
G0793003000026716    2019022220190226826100000003400105320190205005571006833300100000000034000000142000003073863    4                       1         
G0793003000026716    2019022220190226826800000004251105320190215000091018068400100000000042510000142000003081141    4                       1         
G0793003000026716    2019022220190226826000000021578105320190215000620018112100100000000215780000142000003091141    4                       1         
G0793003000026716    2019022220190226826700000004743105320190306000460006855000100000000047430000142000003103863    4                       1         
G0793003000026716    2019022220190226826200000008300105320190205001150006790200100000000083000000142000003113863    4                       1         
G0793003000026716    2019022220190226826600000004358105320190215000525018103700100000000043580000142000003121141    4                       1         
G0793003000026716    2019022220190226826600000003206105320190306000080006851800100000000032060000142000003133863    4                       1         
G0793003000026716    2019022220190226826900000004200105320190115000226018018900100000000042000000142000003141141    4                       1         
G0793003000026716    2019022220190226826900000004260105320190215000457018097900100000000042600000142000003151141    4                       1         
G0793003000026716    2019022220190226826400000007899105320190215000372018090700100000000078990000142000003161141    4                       1         
G0793003000026716    2019022220190226826400000004260105320190215000668018116300100000000042600000142000003171141    4                       1         
G0793003000026716    2019022220190226826000000010885105320190215000560018106600100000000108850000142000003181141    4                       1         
G0793003000026716    2019022220190226826700000004234105320190215000041018064300100000000042340000142000003191141    4                       1         
G0793003000026716    2019022220190226826200000001520105320190225070293020300300100000000015200000142000003201829    4                       1         
G0793003000026716    2019022220190226826700000001442105320190225070158020291500100000000014420000142000003211829    4                       1         
G0793003000026716    2019022220190226826600000004859105320190225070392020307000100000000048590000142000003221829    4                       1         
G0793003000026716    2019022220190226826900000004234105320190215000525022118800100000000042340000142000003233738    4                       1         
G0793003000026716    2019022220190226826800000004260105320190215000243022094200100000000042600000142000003243738    4                       1         
G0793003000026716    2019022220190226826500000004222105320190225070415020308600100000000042220000142000003251829    4                       1         
G0793003000026716    2019022220190226826500000004221105320190225070386020306500100000000042210000142000003261829    4                       1         
G0793003000026716    2019022220190226826500000004345105320190215000773022139500100000000043450000142000003273738    4                       1         
G0793003000026716    2019022220190226826900000004841105320190215000765022138800100000000048410000142000003283738    4                       1         
G0793003000026716    2019022220190226826400000004200105320190115000597022053600100000000042000000142000003293738    4                       1         
G0793003000026716    2019022220190226826400000008663105320190215000550022121300100000000086630000142000003303738    4                       1         
G0793003000026716    2019022220190226826200000007100105320190115000213022019300100000000071000000142000003313738    4                       1         
G0793003000026716    2019022220190226826600000004348105320190215000626018112700100000000043480000142000003321141    4                       1         
G0793003000026716    2019022220190226826200000004260105320190215000286018083900100000000042600000142000003331141    4                       1         
G0793003000026716    2019022220190226826200000004260105320190215000226018079400100000000042600000142000003341141    4                       1         
G0793003000026716    2019022220190226826500000008600105320190115000091018007700100000000086000000142000003351141    4                       1         
G0793003000026716    2019022220190226826200000004200105320190115000589018049000100000000042000000142000003361141    4                       1         
G0793003000026716    2019022220190226826200000004200105320190115000457018037600100000000042000000142000003371141    4                       1         
G0793003000026716    2019022220190226826600000004260105320190215000573018107900100000000042600000142000003381141    4                       1         
G0793003000026716    2019022220190226826600000004200105320190115000181018015400100000000042000000142000003391141    4                       1         
G0793003000026716    2019022220190226826100000004270105320190304000276002613700100000000042700000142000003401116    4                       1         
G0793003000026716    2019022220190226826500000004150105320190204000016002551300100000000041500000142000003411116    4                       1         
G0793003000026716    2019022220190226826900000004357105320190304000594002630800100000000043570000142000003421116    4                       1         
G0793003000026716    2019022220190226826100000004355105320190304000688002635900100000000043550000142000003431116    4                       1         
G0793003000026716    2019022220190226826400000004150105320190204000562002581900100000000041500000142000003441116    4                       1         
G0793003000026716    2019022220190226826400000004150105320190204000232002564000100000000041500000142000003451116    4                       1         
G0793003000026716    2019022220190226826100000004150105320190204000549002581000100000000041500000142000003461116    4                       1         
G0793003000026716    2019022220190226826100000004150105320190204000415002573500100000000041500000142000003471116    4                       1         
G0793003000026716    2019022220190226826700000004270105320190304000087002603000100000000042700000142000003481116    4                       1         
G0793003000026716    2019022220190226826200000004434105320190304000497002624800100000000044340000142000003491116    4                       1         
G0793003000026716    2019022220190226826200000004366105320190304000490002624300100000000043660000142000003501116    4                       1         
G0793003000026716    2019022220190226826200000004236105320190304000501002625000100000000042360000142000003511116    4                       1         
G0793003000026716    2019022220190226826200000004150105320190204000403002572700100000000041500000142000003521116    4                       1         
G0793003000026716    2019022220190226826000000004270105320190304000185002608600100000000042700000142000003531116    4                       1         
G0793003000026716    2019022220190226826700000004414105320190221000640014321600100000000044140000142000003543089    4                       1         
G0793003000026716    2019022220190226826800000009579105320190221000219014283900100000000095790000142000003553089    4                       1         
G0793003000026716    2019022220190226826800000004882105320190221000072014270600100000000048820000142000003563089    4                       1         
G0793003000026716    2019022220190226826800000004638105320190221000791014334200100000000046380000142000003573089    4                       1         
G0793003000026716    2019022220190226826000000007619105320190221000386014299100100000000076190000142000003583089    4                       1         
G0793003000026716    2019022220190226826700000008223105320190221000559014314600100000000082230000142000003593089    4                       1         
G0793003000026716    2019022220190226826100000004410105320190221000509014310300100000000044100000142000003603089    4                       1         
G0793003000026716    2019022220190226826300000004398105320190221000867014340000100000000043980000142000003613089    4                       1         
G0793003000026716    2019022220190226826600000005005105320190221000437014303700100000000050050000142000003623089    4                       1         
G0793003000026716    2019022220190226826500000004320105320190221000364014297100100000000043200000142000003633089    4                       1         
G0793003000026716    2019022220190226826200000003925105320190221000835014337900100000000039250000142000003643089    4                       1         
Z00036600000000001673313                                                                                                                              
