A2201053              HIDROFORTETOCANTINS 104CAIXA ECON. FEDERAL 2019022600156003                                                                     
G0793003000026716    2019022520190226826300000029900105320190121000298014203200100000000299000000142000000013089    2                       1         
G0793003000026716    2019022520190226826600000005900105320190204070479035740000100000000059000000142000000021829    3                       1         
G0793003000026716    2019022520190226826900000009822105320190121000002014176700100000000098220000142000000030007    3                       1         
G0793003000026716    2019022520190226826100000004385105320190301001178000785600100000000043850000142000000041141    3                       1         
G0793003000026716    2019022520190226826800000003100105320190306005880006914400100000000031000000142000000050793    3                       1         
G0793003000026716    2019022520190226826400000004300105320190225070233020296600100000000043000000142000000060793    3                       1         
G0793003000026716    2019022520190226826300000003147105320190306005614006907000100000000031470000142000000070793    3                       1         
G0793003000026716    2019022520190226826400000010556105320190221000002014264100100000000105560000142000000080007    3                       1         
G0793003000026716    2019022520190226826100000009888105320190215000090018068300100000000098880000142000000090007    3                       1         
G0793003000026716    2019022520190227826100000005800105300100000060605002603000000000000058000000142000000103738    4                       1         
G0793003000026716    2019022520190227826800000011050105300100000071475081532100000000000110500000142000000114065    4                       1         
G0793003000026716    2019022520190227826100000010500105300100000071475081705400000000000105000000142000000124065    4                       1         
G0793003000026716    2019022520190227826800000003850105300100000060464002591500000000000038500000142000000133738    4                       1         
G0793003000026716    2019022520190227826100000004150105300100000070381020279600000000000041500000142000000141829    4                       1         
G0793003000026716    2019022520190227826100000006500105300100000060172002566900000000000065000000142000000153738    4                       1         
G0793003000026716    2019022520190227826100000006300105300100000060776002618900000000000063000000142000000163738    4                       1         
G0793003000026716    2019022520190227826900000003750105300100000060780002619300000000000037500000142000000173738    4                       1         
G0793003000026716    2019022520190227826500000006400105300100000070280020272500000000000064000000142000000181829    4                       1         
G0793003000026716    2019022520190227826700000006221105300100000070127020262700000000000062210000142000000191829    4                       1         
G0793003000026716    2019022520190227826900000004150105300100000070281020272600000000000041500000142000000201829    4                       1         
G0793003000026716    2019022520190227826300000004050105300100000070083020259800000000000040500000142000000211829    4                       1         
G0793003000026716    2019022520190227826800000008450105300100000070403020281200000000000084500000142000000221829    4                       1         
G0793003000026716    2019022520190227826400000007550105300100000070359020278400000000000075500000142000000231829    4                       1         
G0793003000026716    2019022520190227826800000010550105300100000070112020261700000000000105500000142000000241829    4                       1         
G0793003000026716    2019022520190227826400000007100105300100000060435002588700000000000071000000142000000253738    4                       1         
G0793003000026716    2019022520190227826100000004050105300100000070406020281500000000000040500000142000000261829    4                       1         
G0793003000026716    2019022520190227826900000003850105300100000060210002569700000000000038500000142000000273738    4                       1         
G0793003000026716    2019022520190227826400000006500105300100000060079002565500000000000065000000142000000283738    4                       1         
G0793003000026716    2019022520190227826400000004250105300100000060887002628700000000000042500000142000000293738    4                       1         
G0793003000026716    2019022520190227826200000003850105300100000060982002637300000000000038500000142000000303738    4                       1         
G0793003000026716    2019022520190227826500000004750105300100000061260002660600000000000047500000142000000313738    4                       1         
G0793003000026716    2019022520190227826200000006800105300100000060844002624600000000000068000000142000000323738    4                       1         
G0793003000026716    2019022520190227826900000003800105300100000060637002605800000000000038000000142000000333738    4                       1         
G0793003000026716    2019022520190227826900000001150105300100000060237002572000000000000011500000142000000343738    4                       1         
G0793003000026716    2019022520190227826800000006600105300100000060339002580600000000000066000000142000000353738    4                       1         
G0793003000026716    2019022520190227826500000002750105300100000060750002616500000000000027500000142000000363738    4                       1         
G0793003000026716    2019022520190227826800000006700105300100000060502002594800000000000067000000142000000373738    4                       1         
G0793003000026716    2019022520190227826800000006600105300100000060876002627800000000000066000000142000000383738    4                       1         
G0793003000026716    2019022520190227826500000003850105300100000060287002576400000000000038500000142000000393738    4                       1         
G0793003000026716    2019022520190227826400000007600105300100000070075020259200000000000076000000142000000401829    4                       1         
G0793003000026716    2019022520190227826500000006639105300100000071664081895800000000000066390000142000000413939    4                       1         
G0793003000026716    2019022520190227826000000001274105300100000070263081763900000000000012740000142000000423939    4                       1         
G0793003000026716    2019022520190227826800000004201105300100000071109081844100000000000042010000142000000433939    4                       1         
G0793003000026716    2019022520190227826800000004200105300100000071114081670700000000000042000000142000000443939    4                       1         
G0793003000026716    2019022520190227826800000004200105300100000070389081601900000000000042000000142000000453939    4                       1         
G0793003000026716    2019022520190227826800000004150105300100000071040081663600000000000041500000142000000463939    4                       1         
G0793003000026716    2019022520190227826800000004144105300100000071641081893800000000000041440000142000000473939    4                       1         
G0793003000026716    2019022520190227826800000004130105300100000071136081846600000000000041300000142000000483939    4                       1         
G0793003000026716    2019022520190227826800000001322105300100000070528081788700000000000013220000142000000493939    4                       1         
G0793003000026716    2019022520190227826800000001300105300100000070267081590200000000000013000000142000000503939    4                       1         
G0793003000026716    2019022520190227826400000001280105300100000071240081856500000000000012800000142000000513939    4                       1         
G0793003000026716    2019022520190227826800000001294105300100000071076081840900000000000012940000142000000523939    4                       1         
G0793003000026716    2019022520190227826000000007722105300100000071589081888900000000000077220000142000000533939    4                       1         
G0793003000026716    2019022520190227826000000005264105300100000070546081790400000000000052640000142000000543939    4                       1         
G0793003000026716    2019022520190227826000000004900105300100000070377081600700000000000049000000142000000553939    4                       1         
G0793003000026716    2019022520190227826000000004250105300100000070047081584500000000000042500000142000000563939    4                       1         
G0793003000026716    2019022520190227826000000004200105300100000071771081732600000000000042000000142000000573939    4                       1         
G0793003000026716    2019022520190227826000000004158105300100000071821081910900000000000041580000142000000583939    4                       1         
G0793003000026716    2019022520190227826000000004150105300100000071015081661200000000000041500000142000000593939    4                       1         
G0793003000026716    2019022520190227826000000004130105300100000070743081809600000000000041300000142000000603939    4                       1         
G0793003000026716    2019022520190227826100000004203105300100000071875081916100000000000042030000142000000613939    4                       1         
G0793003000026716    2019022520190227826100000004200105300100000070508081612900000000000042000000142000000623939    4                       1         
G0793003000026716    2019022520190227826100000004156105300100000070873081821800000000000041560000142000000633939    4                       1         
G0793003000026716    2019022520190227826100000004149105300100000071846081913400000000000041490000142000000643939    4                       1         
G0793003000026716    2019022520190227826100000004138105300100000070337081771000000000000041380000142000000653939    4                       1         
G0793003000026716    2019022520190227826100000004130105300100000071354081867900000000000041300000142000000663939    4                       1         
G0793003000026716    2019022520190227826100000004130105300100000071315081864000000000000041300000142000000673939    4                       1         
G0793003000026716    2019022520190227826100000004130105300100000070371081774100000000000041300000142000000683939    4                       1         
G0793003000026716    2019022520190227826100000004100105300100000070142080187900000000000041000000142000000693939    4                       1         
G0793003000026716    2019022520190227826100000002472105300100000071196081852400000000000024720000142000000703939    4                       1         
G0793003000026716    2019022520190227826100000001322105300100000071734081902500000000000013220000142000000713939    4                       1         
G0793003000026716    2019022520190227826100000001322105300100000070625081798100000000000013220000142000000723939    4                       1         
G0793003000026716    2019022520190227826100000001309105300100000070303081767700000000000013090000142000000733939    4                       1         
G0793003000026716    2019022520190227826100000001284105300100000070262081763800000000000012840000142000000743939    4                       1         
G0793003000026716    2019022520190227826100000001274105300100000070865081821000000000000012740000142000000753939    4                       1         
G0793003000026716    2019022520190227826600000004200105300100000071710081726900000000000042000000142000000763939    4                       1         
G0793003000026716    2019022520190227826800000001250105300100000071754081731100000000000012500000142000000773939    4                       1         
G0793003000026716    2019022520190227826000000001250105300100000070911081651400000000000012500000142000000783939    4                       1         
G0793003000026716    2019022520190227826600000004200105300100000070420081604900000000000042000000142000000793939    4                       1         
G0793003000026716    2019022520190227826600000004180105300100000070485081784800000000000041800000142000000803939    4                       1         
G0793003000026716    2019022520190227826600000004135105300100000071255081858000000000000041350000142000000813939    4                       1         
G0793003000026716    2019022520190227826600000004130105300100000070679081803500000000000041300000142000000823939    4                       1         
G0793003000026716    2019022520190227826600000004130105300100000070560081791800000000000041300000142000000833939    4                       1         
G0793003000026716    2019022520190227826600000002400105300100000071149081674200000000000024000000142000000843939    4                       1         
G0793003000026716    2019022520190227826600000001381105300100000071272081859700000000000013810000142000000853939    4                       1         
G0793003000026716    2019022520190227826700000001395105300100000070535081789400000000000013950000142000000863939    4                       1         
G0793003000026716    2019022520190227826700000001344105300100000070507081786800000000000013440000142000000873939    4                       1         
G0793003000026716    2019022520190227826700000001322105300100000071785081907400000000000013220000142000000883939    4                       1         
G0793003000026716    2019022520190227826700000001309105300100000070999081833400000000000013090000142000000893939    4                       1         
G0793003000026716    2019022520190227826700000001294105300100000070849081819700000000000012940000142000000903939    4                       1         
G0793003000026716    2019022520190227826700000001280105300100000071097081842900000000000012800000142000000913939    4                       1         
G0793003000026716    2019022520190227826600000008410105300100000071152081848200000000000084100000142000000923939    4                       1         
G0793003000026716    2019022520190227826600000006600105300100000071084081667900000000000066000000142000000933939    4                       1         
G0793003000026716    2019022520190227826600000005350105300100000071532081710400000000000053500000142000000943939    4                       1         
G0793003000026716    2019022520190227826600000005270105300100000071337081866200000000000052700000142000000953939    4                       1         
G0793003000026716    2019022520190227826000000003680105300100000070736081808900000000000036800000142000000963939    4                       1         
G0793003000026716    2019022520190227826000000001300105300100000070303081593700000000000013000000142000000973939    4                       1         
G0793003000026716    2019022520190227826000000001280105300100000070423081779000000000000012800000142000000983939    4                       1         
G0793003000026716    2019022520190227826600000001322105300100000071919081920500000000000013220000142000000993939    4                       1         
G0793003000026716    2019022520190227826600000001322105300100000070906081824700000000000013220000142000001003939    4                       1         
G0793003000026716    2019022520190227826600000001318105300100000070267081764300000000000013180000142000001013939    4                       1         
G0793003000026716    2019022520190227826600000001304105300100000070013081757400000000000013040000142000001023939    4                       1         
G0793003000026716    2019022520190227826600000001300105300100000071926081747900000000000013000000142000001033939    4                       1         
G0793003000026716    2019022520190227826600000001275105300100000070463081782800000000000012750000142000001043939    4                       1         
G0793003000026716    2019022520190227826600000001250105300100000071064081665900000000000012500000142000001053939    4                       1         
G0793003000026716    2019022520190227826500000004144105300100000071580081888000000000000041440000142000001063939    4                       1         
G0793003000026716    2019022520190227826500000004130105300100000071533081883900000000000041300000142000001073939    4                       1         
G0793003000026716    2019022520190227826500000004104105300100000071971081925000000000000041040000142000001083939    4                       1         
G0793003000026716    2019022520190227826500000004100105300100000071547081538400000000000041000000142000001093939    4                       1         
G0793003000026716    2019022520190227826700000006700105300100000061336002561800000000000067000000142000001103738    4                       1         
G0793003000026716    2019022520190227826700000006700105300100000060092002565900000000000067000000142000001113738    4                       1         
G0793003000026716    2019022520190227826700000006500105300100000060088002565800000000000065000000142000001123738    4                       1         
G0793003000026716    2019022520190227826500000004100105300100000071063081665800000000000041000000142000001133939    4                       1         
G0793003000026716    2019022520190227826500000001322105300100000070680081803600000000000013220000142000001143939    4                       1         
G0793003000026716    2019022520190227826500000001300105300100000071018081661500000000000013000000142000001153939    4                       1         
G0793003000026716    2019022520190227826500000001300105300100000070986081658300000000000013000000142000001163939    4                       1         
G0793003000026716    2019022520190227826500000001284105300100000071001081833600000000000012840000142000001173939    4                       1         
G0793003000026716    2019022520190227826500000001280105300100000071051081838500000000000012800000142000001183939    4                       1         
G0793003000026716    2019022520190227826400000007100105300100000070592081620800000000000071000000142000001193939    4                       1         
G0793003000026716    2019022520190227826400000004300105300100000070399081602900000000000043000000142000001203939    4                       1         
G0793003000026716    2019022520190227826500000004100105300100000070142080007600000000000041000000142000001213939    4                       1         
G0793003000026716    2019022520190227826300000013151105300100000070871081821600000000000131510000142000001223939    4                       1         
G0793003000026716    2019022520190227826300000008600105300100000071723081728100000000000086000000142000001233939    4                       1         
G0793003000026716    2019022520190227826300000006570105300100000071170081850000000000000065700000142000001243939    4                       1         
G0793003000026716    2019022520190227826300000005350105300100000071872081742500000000000053500000142000001253939    4                       1         
G0793003000026716    2019022520190227826400000004200105300100000071736081729400000000000042000000142000001263939    4                       1         
G0793003000026716    2019022520190227826400000004167105300100000070600081795600000000000041670000142000001273939    4                       1         
G0793003000026716    2019022520190227826400000004130105300100000071481081879400000000000041300000142000001283939    4                       1         
G0793003000026716    2019022520190227826400000004127105300100000071620081891900000000000041270000142000001293939    4                       1         
G0793003000026716    2019022520190227826400000004113105300100000071485081879700000000000041130000142000001303939    4                       1         
G0793003000026716    2019022520190227826400000004100105300100000070799081641000000000000041000000142000001313939    4                       1         
G0793003000026716    2019022520190227826400000004100105300100000070493081611700000000000041000000142000001323939    4                       1         
G0793003000026716    2019022520190227826400000004100105300100000070139081760200000000000041000000142000001333939    4                       1         
G0793003000026716    2019022520190227826300000004690105300100000070387081775600000000000046900000142000001343939    4                       1         
G0793003000026716    2019022520190227826300000004244105300100000071626081892500000000000042440000142000001353939    4                       1         
G0793003000026716    2019022520190227826300000004134105300100000070940081827700000000000041340000142000001363939    4                       1         
G0793003000026716    2019022520190227826300000004130105300100000071348081867300000000000041300000142000001373939    4                       1         
G0793003000026716    2019022520190227826300000004130105300100000070496081785800000000000041300000142000001383939    4                       1         
G0793003000026716    2019022520190227826300000001350105300100000071060081839300000000000013500000142000001393939    4                       1         
G0793003000026716    2019022520190227826400000003600105300100000070746081635900000000000036000000142000001403939    4                       1         
G0793003000026716    2019022520190227826400000002432105300100000071772081906100000000000024320000142000001413939    4                       1         
G0793003000026716    2019022520190227826300000001322105300100000071529081883500000000000013220000142000001423939    4                       1         
G0793003000026716    2019022520190227826300000001301105300100000071305081863000000000000013010000142000001433939    4                       1         
G0793003000026716    2019022520190227826300000001290105300100000071027081836200000000000012900000142000001443939    4                       1         
G0793003000026716    2019022520190227826200000019650105300100000071126081671900000000000196500000142000001453939    4                       1         
G0793003000026716    2019022520190227826100000004250105300100000071673081723500000000000042500000142000001463939    4                       1         
G0793003000026716    2019022520190227826400000001336105300100000070504081786600000000000013360000142000001473939    4                       1         
G0793003000026716    2019022520190227826400000001322105300100000071006081834100000000000013220000142000001483939    4                       1         
G0793003000026716    2019022520190227826400000001298105300100000070316081768900000000000012980000142000001493939    4                       1         
G0793003000026716    2019022520190227826400000001286105300100000071927081921300000000000012860000142000001503939    4                       1         
G0793003000026716    2019022520190227826700000006300105300100000060470002592100000000000063000000142000001513738    4                       1         
G0793003000026716    2019022520190227826200000007650105300100000070213035643500000000000076500000142000001521829    4                       1         
G0793003000026716    2019022520190227826600000007150105300100000061112002648400000000000071500000142000001533738    4                       1         
G0793003000026716    2019022520190227826700000019100105300100000060354002582000000000000191000000142000001543738    4                       1         
G0793003000026716    2019022520190227826700000003800105300100000060656002607600000000000038000000142000001553738    4                       1         
G0793003000026716    2019022520190227826300000006800105300100000061089002646400000000000068000000142000001563738    4                       1         
G0793003000026716    2019022520190227826000000007750105300100000060746002616100000000000077500000142000001573738    4                       1         
G0793003000026716    2019022520190227826800000003950105300100000060564002599500000000000039500000142000001583738    4                       1         
G0793003000026716    2019022520190227826300000003850105300100000060816001622300000000000038500000142000001593738    4                       1         
G0793003000026716    2019022520190227826300000003850105300100000060766002618000000000000038500000142000001603738    4                       1         
G0793003000026716    2019022520190227826300000003750105300100000060695002611200000000000037500000142000001613738    4                       1         
G0793003000026716    2019022520190227826000000003850105300100000060299002577400000000000038500000142000001623738    4                       1         
G0793003000026716    2019022520190227826000000004750105300100000060313002578400000000000047500000142000001633738    4                       1         
G0793003000026716    2019022520190227826000000003800105300100000060179002567300000000000038000000142000001643738    4                       1         
G0793003000026716    2019022520190227826800000003850105300100000061048002643100000000000038500000142000001653738    4                       1         
G0793003000026716    2019022520190227826800000003800105300100000060190002568100000000000038000000142000001663738    4                       1         
G0793003000026716    2019022520190227826400000003900105300100000061230002658300000000000039000000142000001673738    4                       1         
G0793003000026716    2019022520190227826400000003750105300100000060609002603400000000000037500000142000001683738    4                       1         
G0793003000026716    2019022520190227826000000004650105300100000061262002660800000000000046500000142000001693738    4                       1         
G0793003000026716    2019022520190227826800000003850105300100000060931002632800000000000038500000142000001703738    4                       1         
G0793003000026716    2019022520190227826700000004168105300100000071916081920200000000000041680000142000001713939    4                       1         
G0793003000026716    2019022520190227826700000004130105300100000071694081898700000000000041300000142000001723939    4                       1         
G0793003000026716    2019022520190227826700000004130105300100000071652081894900000000000041300000142000001733939    4                       1         
G0793003000026716    2019022520190227826700000004130105300100000071099081843100000000000041300000142000001743939    4                       1         
G0793003000026716    2019022520190227826700000004130105300100000070869081821400000000000041300000142000001753939    4                       1         
G0793003000026716    2019022520190227826700000004130105300100000070704081805800000000000041300000142000001763939    4                       1         
G0793003000026716    2019022520190227826700000004113105300100000071484081879600000000000041130000142000001773939    4                       1         
G0793003000026716    2019022520190227826900000004130105300100000071448081876400000000000041300000142000001783939    4                       1         
G0793003000026716    2019022520190227826900000004130105300100000071070081840300000000000041300000142000001793939    4                       1         
G0793003000026716    2019022520190227826900000004100105300100000071547081365100000000000041000000142000001803939    4                       1         
G0793003000026716    2019022520190227826900000003500105300100000070277081591200000000000035000000142000001813939    4                       1         
G0793003000026716    2019022520190227826100000003750105300100000060355002582100000000000037500000142000001823738    4                       1         
G0793003000026716    2019022520190227826900000001357105300100000071759081904900000000000013570000142000001833939    4                       1         
G0793003000026716    2019022520190227826900000001314105300100000071029081836400000000000013140000142000001843939    4                       1         
G0793003000026716    2019022520190227826900000001300105300100000070503081612500000000000013000000142000001853939    4                       1         
G0793003000026716    2019022520190227826900000001300105300100000070279081591400000000000013000000142000001863939    4                       1         
G0793003000026716    2019022520190227826900000001250105300100000070180081761000000000000012500000142000001873939    4                       1         
G0793003000026716    2019022520190227826800000006958105300100000071140081847000000000000069580000142000001883939    4                       1         
G0793003000026716    2019022520190227826200000003050105300100000070736081634900000000000030500000142000001893939    4                       1         
G0793003000026716    2019022520190227826200000001375105300100000070683081803900000000000013750000142000001903939    4                       1         
G0793003000026716    2019022520190227826200000001322105300100000071826081911400000000000013220000142000001913939    4                       1         
G0793003000026716    2019022520190227826200000001300105300100000071305081689200000000000013000000142000001923939    4                       1         
G0793003000026716    2019022520190227826100000005350105300100000071381081696600000000000053500000142000001933939    4                       1         
G0793003000026716    2019022520190227826100000004750105300100000070278081591300000000000047500000142000001943939    4                       1         
G0793003000026716    2019022520190227826900000004230105300100000071303081862800000000000042300000142000001953939    4                       1         
G0793003000026716    2019022520190227826900000004200105300100000071674081723600000000000042000000142000001963939    4                       1         
G0793003000026716    2019022520190227826900000004200105300100000070359081598900000000000042000000142000001973939    4                       1         
G0793003000026716    2019022520190227826900000004191105300100000070025081758000000000000041910000142000001983939    4                       1         
G0793003000026716    2019022520190227826900000004163105300100000070874081821900000000000041630000142000001993939    4                       1         
G0793003000026716    2019022520190227826500000004250105300100000070751081810400000000000042500000142000002003939    4                       1         
G0793003000026716    2019022520190227826400000003950105300100000060875002627700000000000039500000142000002013738    4                       1         
G0793003000026716    2019022520190227826500000004250105300100000070697081631100000000000042500000142000002023939    4                       1         
G0793003000026716    2019022520190227826200000006427105300100000071137081846700000000000064270000142000002033939    4                       1         
G0793003000026716    2019022520190227826200000004300105300100000070667081628300000000000043000000142000002043939    4                       1         
G0793003000026716    2019022520190227826700000009650105300100000071989081753100000000000096500000142000002053939    4                       1         
G0793003000026716    2019022520190227826200000004144105300100000071235081856000000000000041440000142000002063939    4                       1         
G0793003000026716    2019022520190227826200000004140105300100000071673081896700000000000041400000142000002073939    4                       1         
G0793003000026716    2019022520190227826200000004130105300100000071138081846800000000000041300000142000002083939    4                       1         
G0793003000026716    2019022520190227826200000004130105300100000070779081813100000000000041300000142000002093939    4                       1         
G0793003000026716    2019022520190227826200000004122105300100000071159081848900000000000041220000142000002103939    4                       1         
G0793003000026716    2019022520190227826200000004100105300100000072008081754400000000000041000000142000002113939    4                       1         
G0793003000026716    2019022520190227826200000004100105300100000071709081726800000000000041000000142000002123939    4                       1         
G0793003000026716    2019022520190227826200000004100105300100000070244081762300000000000041000000142000002133939    4                       1         
G0793003000026716    2019022520190227826500000004200105300100000071379081696400000000000042000000142000002143939    4                       1         
G0793003000026716    2019022520190227826500000004167105300100000071810081909900000000000041670000142000002153939    4                       1         
G0793003000026716    2019022520190227826700000004200105300100000071287081687400000000000042000000142000002163939    4                       1         
G0793003000026716    2019022520190227826600000004387105320190221000803014335200100000000043870000142000002173089    4                       1         
G0793003000026716    2019022520190227826400000003932105320190304060785002723900100000000039320000142000002183738    4                       1         
G0793003000026716    2019022520190227826000000003862105320190304060867002730900100000000038620000142000002193738    4                       1         
G0793003000026716    2019022520190227826400000003114105320190306004790006893600100000000031140000142000002200793    4                       1         
G0793003000026716    2019022520190227826400000003172105320190306005030006895800100000000031720000142000002210793    4                       1         
G0793003000026716    2019022520190227826900000003192105320190306005400006899300100000000031920000142000002220793    4                       1         
G0793003000026716    2019022520190227826900000003160105320190306005180006897100100000000031600000142000002230793    4                       1         
G0793003000026716    2019022520190227826900000003100105320190205005992006848700100000000031000000142000002240793    4                       1         
G0793003000026716    2019022520190227826200000003100105320190306006007006920100100000000031000000142000002250793    4                       1         
G0793003000026716    2019022520190227826300000003450105320190205006007006849800100000000034500000142000002260793    4                       1         
G0793003000026716    2019022520190227826000000003858105320190304061085002749400100000000038580000142000002273738    4                       1         
G0793003000026716    2019022520190227826300000003100105320190205004925006824200100000000031000000142000002280793    4                       1         
G0793003000026716    2019022520190227826400000003200105320190306005576006904100100000000032000000142000002290793    4                       1         
G0793003000026716    2019022520190227826100000003157105320190306005130006896800100000000031570000142000002300793    4                       1         
G0793003000026716    2019022520190227826800000004000105320190205004830006823600100000000040000000142000002310793    4                       1         
G0793003000026716    2019022520190227826800000003200105320190306004925006894500100000000032000000142000002320793    4                       1         
G0793003000026716    2019022520190227826700000003200105320190205005576006833800100000000032000000142000002330793    4                       1         
G0793003000026716    2019022520190227826700000003174105320190306005579006904400100000000031740000142000002340793    4                       1         
G0793003000026716    2019022520190227826000000004230105320190225000627024060900100000000042300000142000002351737    4                       1         
G0793003000026716    2019022520190227826900000016337105320190225000562024054500100000000163370000142000002361737    4                       1         
G0793003000026716    2019022520190227826700000004230105320190225000595024057700100000000042300000142000002371737    4                       1         
G0793003000026716    2019022520190227826700000004230105320190225000322024031300100000000042300000142000002381737    4                       1         
G0793003000026716    2019022520190227826700000004230105320190225000054024005100100000000042300000142000002391737    4                       1         
G0793003000026716    2019022520190227826900000004230105320190225000663024064500100000000042300000142000002401737    4                       1         
G0793003000026716    2019022520190227826500000004230105320190225000719024069200100000000042300000142000002411737    4                       1         
G0793003000026716    2019022520190227826500000007500105320190304060046002669100100000000075000000142000002423738    4                       1         
G0793003000026716    2019022520190227826500000006700105320190304060109002671100100000000067000000142000002433738    4                       1         
G0793003000026716    2019022520190227826000000003882105320190304060258002678300100000000038820000142000002443738    4                       1         
G0793003000026716    2019022520190227826400000003876105320190304060656002711800100000000038760000142000002453738    4                       1         
G0793003000026716    2019022520190227826000000004650105320181220061306002456100100000000046500000142000002463738    4                       1         
G0793003000026716    2019022520190227826100000003839105320190304061049002746900100000000038390000142000002473738    4                       1         
G0793003000026716    2019022520190227826100000003833105320190304060827002727400100000000038330000142000002483738    4                       1         
G0793003000026716    2019022520190227826100000003905105320190304060306002682200100000000039050000142000002493738    4                       1         
G0793003000026716    2019022520190227826100000003893105320190304060960002738900100000000038930000142000002503738    4                       1         
G0793003000026716    2019022520190227826500000004230105320190225000471024045500100000000042300000142000002511737    4                       1         
G0793003000026716    2019022520190227826500000004230105320190225000265024025700100000000042300000142000002521737    4                       1         
G0793003000026716    2019022520190227826200000004230105320190225000444024043000100000000042300000142000002531737    4                       1         
G0793003000026716    2019022520190227826200000004230105320190225000257024024900100000000042300000142000002541737    4                       1         
G0793003000026716    2019022520190227826200000004230105320190225000172024016500100000000042300000142000002551737    4                       1         
G0793003000026716    2019022520190227826400000010850105320190225000252024024400100000000108500000142000002561737    4                       1         
G0793003000026716    2019022520190227826400000010107105320190225000464024044900100000000101070000142000002571737    4                       1         
G0793003000026716    2019022520190227826400000004230105320190225000281024027200100000000042300000142000002581737    4                       1         
G0793003000026716    2019022520190227826400000004230105320190225000250024024200100000000042300000142000002591737    4                       1         
G0793003000026716    2019022520190227826400000004230105320190225000196024018900100000000042300000142000002601737    4                       1         
G0793003000026716    2019022520190227826400000004230105320190225000095024009100100000000042300000142000002611737    4                       1         
G0793003000026716    2019022520190227826400000004230105320190225000089024008500100000000042300000142000002621737    4                       1         
G0793003000026716    2019022520190227826300000004230105320190225000394024038300100000000042300000142000002631737    4                       1         
G0793003000026716    2019022520190227826200000007878105320190225000019024001700100000000078780000142000002641737    4                       1         
G0793003000026716    2019022520190227826100000004230105320190225000523024050700100000000042300000142000002651737    4                       1         
G0793003000026716    2019022520190227826000000004230105320190225000218024021100100000000042300000142000002661737    4                       1         
G0793003000026716    2019022520190227826000000003882105320190304060414002691000100000000038820000142000002673738    4                       1         
G0793003000026716    2019022520190227826100000003882105320190304061059002747500100000000038820000142000002683738    4                       1         
G0793003000026716    2019022520190227826100000003882105320190304060743002719900100000000038820000142000002693738    4                       1         
G0793003000026716    2019022520190227826400000003882105320190304060856002729800100000000038820000142000002703738    4                       1         
G0793003000026716    2019022520190227826400000003876105320190304061098002750600100000000038760000142000002713738    4                       1         
G0793003000026716    2019022520190227826000000003882105320190304060783002723700100000000038820000142000002723738    4                       1         
G0793003000026716    2019022520190227826100000003882105320190304060725002718100100000000038820000142000002733738    4                       1         
G0793003000026716    2019022520190227826100000003858105320190304060616002708300100000000038580000142000002743738    4                       1         
G0793003000026716    2019022520190227826000000003882105320190304060572002704600100000000038820000142000002753738    4                       1         
G0793003000026716    2019022520190227826000000003882105320190304060319002683300100000000038820000142000002763738    4                       1         
G0793003000026716    2019022520190227826800000004230105320190225000304024029500100000000042300000142000002771737    4                       1         
G0793003000026716    2019022520190227826600000005973105320190225000255024024700100000000059730000142000002781737    4                       1         
G0793003000026716    2019022520190227826600000003864105320190304061033002745500100000000038640000142000002793738    4                       1         
G0793003000026716    2019022520190227826600000005433105320190301000743000753600100000000054330000142000002801141    4                       1         
G0793003000026716    2019022520190227826700000010200105320190201000230000546300100000000102000000142000002811141    4                       1         
G0793003000026716    2019022520190227826600000003860105320190304061165002756500100000000038600000142000002823738    4                       1         
G0793003000026716    2019022520190227826700000008700105320190201001410000636300100000000087000000142000002831141    4                       1         
G0793003000026716    2019022520190227826700000005550105320190201001212000623400100000000055500000142000002841141    4                       1         
G0793003000026716    2019022520190227826700000005100105320190201001482000641200100000000051000000142000002851141    4                       1         
G0793003000026716    2019022520190227826700000004350105320190201000144000540400100000000043500000142000002861141    4                       1         
G0793003000026716    2019022520190227826700000004290105320190301001294000793000100000000042900000142000002871141    4                       1         
G0793003000026716    2019022520190227826700000004290105320190301000862000763000100000000042900000142000002881141    4                       1         
G0793003000026716    2019022520190227826600000003882105320190304060759002721500100000000038820000142000002893738    4                       1         
G0793003000026716    2019022520190227826600000003882105320190304060698002715600100000000038820000142000002903738    4                       1         
G0793003000026716    2019022520190227826600000003882105320190304060186002672600100000000038820000142000002913738    4                       1         
G0793003000026716    2019022520190227826700000004282105320190301001769000824900100000000042820000142000002921141    4                       1         
G0793003000026716    2019022520190227826700000004217105320190301001523000808300100000000042170000142000002931141    4                       1         
G0793003000026716    2019022520190227826700000004200105320190103001545000526000100000000042000000142000002941141    4                       1         
G0793003000026716    2019022520190227826900000006041105320190301001615000814100100000000060410000142000002951141    4                       1         
G0793003000026716    2019022520190227826900000004857105320190301000360000723900100000000048570000142000002961141    4                       1         
G0793003000026716    2019022520190227826900000004400105320190301002124000849600100000000044000000142000002971141    4                       1         
G0793003000026716    2019022520190227826900000004372105320190301000395000726500100000000043720000142000002981141    4                       1         
G0793003000026716    2019022520190227826600000001332105320190304070366035808500100000000013320000142000002991829    4                       1         
G0793003000026716    2019022520190227826700000003972105320190304060695002715300100000000039720000142000003003738    4                       1         
G0793003000026716    2019022520190227826300000004200105320190204070828035765500100000000042000000142000003011829    4                       1         
G0793003000026716    2019022520190227826700000003962105320190304060887002732700100000000039620000142000003023738    4                       1         
G0793003000026716    2019022520190227826100000009800105320190204070690035755600100000000098000000142000003031829    4                       1         
G0793003000026716    2019022520190227826900000004200105320190304070918035848300100000000042000000142000003041829    4                       1         
G0793003000026716    2019022520190227826500000001250105320190204070592035748000100000000012500000142000003051829    4                       1         
G0793003000026716    2019022520190227826700000003882105320190304060279002680000100000000038820000142000003063738    4                       1         
G0793003000026716    2019022520190227826800000003882105320190304060484002697500100000000038820000142000003073738    4                       1         
G0793003000026716    2019022520190227826800000003882105320190304060330002684100100000000038820000142000003083738    4                       1         
G0793003000026716    2019022520190227826700000003750105320190321061220002761400100000000037500000142000003093738    4                       1         
G0793003000026716    2019022520190227826900000004606105320190304070801035840200100000000046060000142000003101829    4                       1         
G0793003000026716    2019022520190227826800000001188105320190304061208002760500100000000011880000142000003113738    4                       1         
G0793003000026716    2019022520190227826900000001250105320190204070688035755500100000000012500000142000003121829    4                       1         
G0793003000026716    2019022520190227826800000001154105320190304060208002674400100000000011540000142000003133738    4                       1         
G0793003000026716    2019022520190227826200000004050105320190204070906035782800100000000040500000142000003141829    4                       1         
G0793003000026716    2019022520190227826200000004050105320190204070232035720800100000000040500000142000003151829    4                       1         
G0793003000026716    2019022520190227826900000004195105320190304070828035841900100000000041950000142000003161829    4                       1         
G0793003000026716    2019022520190227826700000010600105320190204070938035773800100000000106000000142000003171829    4                       1         
G0793003000026716    2019022520190227826500000004090105320190304070743035836400100000000040900000142000003181829    4                       1         
G0793003000026716    2019022520190227826500000004104105320190304070360035807900100000000041040000142000003191829    4                       1         
G0793003000026716    2019022520190227826700000003750105320190304061226002761600100000000037500000142000003203738    4                       1         
G0793003000026716    2019022520190227826700000002724105320190304061183002758200100000000027240000142000003213738    4                       1         
G0793003000026716    2019022520190227826900000001332105320190304070450035814800100000000013320000142000003221829    4                       1         
G0793003000026716    2019022520190227826700000004165105320190304070989035853800100000000041650000142000003231829    4                       1         
G0793003000026716    2019022520190227826500000004104105320190304070248035799800100000000041040000142000003241829    4                       1         
G0793003000026716    2019022520190227826800000003857105320190304061116002752400100000000038570000142000003253738    4                       1         
G0793003000026716    2019022520190227826800000003857105320190304061003002742800100000000038570000142000003263738    4                       1         
G0793003000026716    2019022520190227826800000003850105320190304060399002690000100000000038500000142000003273738    4                       1         
G0793003000026716    2019022520190227826800000006550105320181101001230000103100100000000065500000142000003281141    4                       1         
G0793003000026716    2019022520190227826800000005711105320190301001249000790300100000000057110000142000003291141    4                       1         
G0793003000026716    2019022520190227826900000004350105320190201001081000614000100000000043500000142000003301141    4                       1         
G0793003000026716    2019022520190227826100000006050105320190201001844000667000100000000060500000142000003311141    4                       1         
G0793003000026716    2019022520190227826800000001154105320190304060187002672700100000000011540000142000003323738    4                       1         
G0793003000026716    2019022520190227826800000001115105320190304060739002719500100000000011150000142000003333738    4                       1         
G0793003000026716    2019022520190227826200000004165105320190304070990035853900100000000041650000142000003341829    4                       1         
G0793003000026716    2019022520190227826200000004090105320190304070825035841700100000000040900000142000003351829    4                       1         
G0793003000026716    2019022520190227826700000003855105320190304060479002697100100000000038550000142000003363738    4                       1         
G0793003000026716    2019022520190227826800000007700105320190204070829035765600100000000077000000142000003371829    4                       1         
G0793003000026716    2019022520190227826100000004700105320190204070176035716300100000000047000000142000003381829    4                       1         
G0793003000026716    2019022520190227826700000003838105320190304060392002689400100000000038380000142000003393738    4                       1         
G0793003000026716    2019022520190227826200000003750105320190304060804002725700100000000037500000142000003403738    4                       1         
G0793003000026716    2019022520190227826900000003750105320190304060722002717800100000000037500000142000003413738    4                       1         
G0793003000026716    2019022520190227826400000004315105320190221000769014332400100000000043150000142000003423089    4                       1         
G0793003000026716    2019022520190227826400000005937105320190225070359020304900100000000059370000142000003431829    4                       1         
G0793003000026716    2019022520190227826800000006003105320190215000463022113500100000000060030000142000003443738    4                       1         
G0793003000026716    2019022520190227826100000004841105320190215000148022085300100000000048410000142000003453738    4                       1         
G0793003000026716    2019022520190227826700000004300105320190124070133020263100100000000043000000142000003461829    4                       1         
G0793003000026716    2019022520190227826200000003807105320190304060749002720500100000000038070000142000003473738    4                       1         
G0793003000026716    2019022520190227826300000007923105320190221000084014271800100000000079230000142000003483089    4                       1         
G0793003000026716    2019022520190227826900000001204105320190304060267002679000100000000012040000142000003493738    4                       1         
G0793003000026716    2019022520190227826200000003882105320190304060274002679600100000000038820000142000003503738    4                       1         
G0793003000026716    2019022520190227826200000003883105320190304060974002740000100000000038830000142000003513738    4                       1         
G0793003000026716    2019022520190227826200000003882105320190304060332002684300100000000038820000142000003523738    4                       1         
G0793003000026716    2019022520190227826300000005589105320190221000656014323100100000000055890000142000003533089    4                       1         
G0793003000026716    2019022520190227826400000004200105320181221000418014127900100000000042000000142000003543089    4                       1         
G0793003000026716    2019022520190227826300000001431105320190221000894014342000100000000014310000142000003553089    4                       1         
G0793003000026716    2019022520190227826400000001378105320190221000873014340500100000000013780000142000003563089    4                       1         
G0793003000026716    2019022520190227826000000004430105320190221000560014314700100000000044300000142000003573089    4                       1         
G0793003000026716    2019022520190227826100000004371105320190225070191020293600100000000043710000142000003581829    4                       1         
G0793003000026716    2019022520190227826100000004159105320190225070284020299600100000000041590000142000003591829    4                       1         
G0793003000026716    2019022520190227826000000001493105320190225070203020294400100000000014930000142000003601829    4                       1         
G0793003000026716    2019022520190227826700000010910105320190225070412020308400100000000109100000142000003611829    4                       1         
G0793003000026716    2019022520190227826100000005932105320190304061022002744600100000000059320000142000003623738    4                       1         
G0793003000026716    2019022520190227826300000004260105320190215000731022135900100000000042600000142000003633738    4                       1         
G0793003000026716    2019022520190227826000000004750105320190124070139020263400100000000047500000142000003641829    4                       1         
G0793003000026716    2019022520190227826000000004355105320190215000588022124700100000000043550000142000003653738    4                       1         
G0793003000026716    2019022520190227826100000004260105320190215000697022133700100000000042600000142000003663738    4                       1         
G0793003000026716    2019022520190227826600000004260105320190215000475022114500100000000042600000142000003673738    4                       1         
G0793003000026716    2019022520190227826200000003882105320190304060254002677900100000000038820000142000003683738    4                       1         
G0793003000026716    2019022520190227826200000003882105320190304060201002673800100000000038820000142000003693738    4                       1         
G0793003000026716    2019022520190227826200000004650105320190104061306002558900100000000046500000142000003703738    4                       1         
G0793003000026716    2019022520190227826200000004370105320190304060708002716500100000000043700000142000003713738    4                       1         
G0793003000026716    2019022520190227826200000001439105320190225070408020308000100000000014390000142000003721829    4                       1         
G0793003000026716    2019022520190227826100000005434105320190215000535022119800100000000054340000142000003733738    4                       1         
G0793003000026716    2019022520190227826500000004260105320190215000435022111200100000000042600000142000003743738    4                       1         
G0793003000026716    2019022520190227826500000003750105320190304060179002672100100000000037500000142000003753738    4                       1         
G0793003000026716    2019022520190227826000000010250105320190124070228020269300100000000102500000142000003761829    4                       1         
G0793003000026716    2019022520190227826500000001141105320190304060648002711000100000000011410000142000003773738    4                       1         
G0793003000026716    2019022520190227826500000001114105320190304060575002704900100000000011140000142000003783738    4                       1         
G0793003000026716    2019022520190227826400000002640105320190225070057020285100100000000026400000142000003791829    4                       1         
G0793003000026716    2019022520190227826700000004260105320190215000439022111400100000000042600000142000003803738    4                       1         
G0793003000026716    2019022520190227826800000004348105320190215000741022136800100000000043480000142000003813738    4                       1         
G0793003000026716    2019022520190227826900000006396105320190304060478002697000100000000063960000142000003823738    4                       1         
G0793003000026716    2019022520190227826300000007389105320190304060999002742400100000000073890000142000003833738    4                       1         
G0793003000026716    2019022520190227826500000003872105320190304060409002690700100000000038720000142000003843738    4                       1         
G0793003000026716    2019022520190227826900000006380105320190304060655002711700100000000063800000142000003853738    4                       1         
G0793003000026716    2019022520190227826900000005432105320190304061103002751100100000000054320000142000003863738    4                       1         
G0793003000026716    2019022520190227826900000003882105320190304060793002724600100000000038820000142000003873738    4                       1         
G0793003000026716    2019022520190227826900000003882105320190304060396002689800100000000038820000142000003883738    4                       1         
G0793003000026716    2019022520190227826000000001115105320190304060647002710900100000000011150000142000003893738    4                       1         
G0793003000026716    2019022520190227826100000004459105320190304060746002720200100000000044590000142000003903738    4                       1         
G0793003000026716    2019022520190227826900000003869105320190304061102002751000100000000038690000142000003913738    4                       1         
G0793003000026716    2019022520190227826200000004260105320190215000647022129500100000000042600000142000003923738    4                       1         
G0793003000026716    2019022520190227826100000004379105320190301001203000786900100000000043790000142000003931141    4                       1         
G0793003000026716    2019022520190227826900000004200105320190201001334000631300100000000042000000142000003941141    4                       1         
G0793003000026716    2019022520190227826900000004200105320190201001103000615700100000000042000000142000003951141    4                       1         
G0793003000026716    2019022520190227826100000004350105320190201001203000622500100000000043500000142000003961141    4                       1         
G0793003000026716    2019022520190227826100000004300105320190201001306000629500100000000043000000142000003971141    4                       1         
G0793003000026716    2019022520190227826100000004300105320190201000034000532400100000000043000000142000003981141    4                       1         
G0793003000026716    2019022520190227826500000004350105320190201001544000645400100000000043500000142000003991141    4                       1         
G0793003000026716    2019022520190227826500000004300105320190201001255000626500100000000043000000142000004001141    4                       1         
G0793003000026716    2019022520190227826500000004300105320190201001224000624500100000000043000000142000004011141    4                       1         
G0793003000026716    2019022520190227826500000004290105320190301002161000852400100000000042900000142000004021141    4                       1         
G0793003000026716    2019022520190227826500000004290105320190301000325000721200100000000042900000142000004031141    4                       1         
G0793003000026716    2019022520190227826500000004271105320190301001002000773100100000000042710000142000004041141    4                       1         
G0793003000026716    2019022520190227826200000006500105320190201000940000603800100000000065000000142000004051141    4                       1         
G0793003000026716    2019022520190227826800000001400105320190201001943000673600100000000014000000142000004061141    4                       1         
G0793003000026716    2019022520190227826800000001390105320190301002118000849000100000000013900000142000004071141    4                       1         
G0793003000026716    2019022520190227826600000005550105320190201001956000674800100000000055500000142000004081141    4                       1         
G0793003000026716    2019022520190227826600000005421105320190301000818000759500100000000054210000142000004091141    4                       1         
G0793003000026716    2019022520190227826600000004857105320190301001277000791900100000000048570000142000004101141    4                       1         
G0793003000026716    2019022520190227826600000004390105320190301002185000854300100000000043900000142000004111141    4                       1         
G0793003000026716    2019022520190227826600000004800105320190114000686010305900100000000048000000142000004121829    4                       1         
G0793003000026716    2019022520190227826800000004450105320190214000082010387000100000000044500000142000004131829    4                       1         
G0793003000026716    2019022520190227826700000004300105320190214000311010403300100000000043000000142000004141829    4                       1         
G0793003000026716    2019022520190227826900000005550105320190214000784010437300100000000055500000142000004151829    4                       1         
G0793003000026716    2019022520190227826800000009700105320190214001268010467200100000000097000000142000004161829    4                       1         
G0793003000026716    2019022520190227826200000001332105320190304070067035788500100000000013320000142000004171829    4                       1         
G0793003000026716    2019022520190227826100000006450105320190114001695010371400100000000064500000142000004181829    4                       1         
G0793003000026716    2019022520190227826900000004300105320190214000237010398100100000000043000000142000004191829    4                       1         
G0793003000026716    2019022520190227826100000004800105320190214000174010393700100000000048000000142000004201829    4                       1         
G0793003000026716    2019022520190227826100000004450105320190214001603010488600100000000044500000142000004211829    4                       1         
G0793003000026716    2019022520190227826700000004800105320190321061260002763700100000000048000000142000004223738    4                       1         
G0793003000026716    2019022520190227826900000004150105320190204070060035710400100000000041500000142000004231829    4                       1         
G0793003000026716    2019022520190227826100000004300105320190214000327010404600100000000043000000142000004241829    4                       1         
G0793003000026716    2019022520190227826500000004300105320190214001200010462400100000000043000000142000004251829    4                       1         
G0793003000026716    2019022520190227826300000007100105320190214000950010448400100000000071000000142000004261829    4                       1         
G0793003000026716    2019022520190227826500000004200105320190214000014010382200100000000042000000142000004271829    4                       1         
G0793003000026716    2019022520190227826200000006700105320190214001383010474800100000000067000000142000004281829    4                       1         
G0793003000026716    2019022520190227826200000004350105320190214001467010480300100000000043500000142000004291829    4                       1         
G0793003000026716    2019022520190227826200000004200105320190214000906010445600100000000042000000142000004301829    4                       1         
G0793003000026716    2019022520190227826200000004200105320190114000598010299200100000000042000000142000004311829    4                       1         
G0793003000026716    2019022520190227826500000004200105320181114001525010112500100000000042000000142000004321829    4                       1         
G0793003000026716    2019022520190227826400000010850105320190214000447010412300100000000108500000142000004331829    4                       1         
G0793003000026716    2019022520190227826400000004300105320190214000924010446800100000000043000000142000004341829    4                       1         
G0793003000026716    2019022520190227826300000004200105320190214001032010453300100000000042000000142000004351829    4                       1         
G0793003000026716    2019022520190227826000000005750105320190214000686010429100100000000057500000142000004361829    4                       1         
G0793003000026716    2019022520190227826000000004300105320190214001323010470700100000000043000000142000004371829    4                       1         
G0793003000026716    2019022520190227826000000004300105320190214000592010422000100000000043000000142000004381829    4                       1         
G0793003000026716    2019022520190227826600000004200105320190214000370010407100100000000042000000142000004391829    4                       1         
G0793003000026716    2019022520190227826500000006100105320190214001019010452400100000000061000000142000004401829    4                       1         
G0793003000026716    2019022520190227826800000004300105320190214000753010434600100000000043000000142000004411829    4                       1         
G0793003000026716    2019022520190227826800000004300105320190214000723010432100100000000043000000142000004421829    4                       1         
G0793003000026716    2019022520190227826700000001450105320190214001681010493500100000000014500000142000004431829    4                       1         
G0793003000026716    2019022520190227826200000004350105320190201000815000594300100000000043500000142000004441141    4                       1         
G0793003000026716    2019022520190227826200000004300105320190201002158000689200100000000043000000142000004451141    4                       1         
G0793003000026716    2019022520190227826700000004355105320190215000494018100800100000000043550000142000004461141    4                       1         
G0793003000026716    2019022520190227826200000004290105320190301000756000754700100000000042900000142000004471141    4                       1         
G0793003000026716    2019022520190227826200000004290105320190301000056000701300100000000042900000142000004481141    4                       1         
G0793003000026716    2019022520190227826400000013426105320190301000470000732600100000000134260000142000004491141    4                       1         
G0793003000026716    2019022520190227826400000008645105320190301000663000747400100000000086450000142000004501141    4                       1         
G0793003000026716    2019022520190227826400000005450105320190201000083000535800100000000054500000142000004511141    4                       1         
G0793003000026716    2019022520190227826400000004290105320190301000481000733500100000000042900000142000004521141    4                       1         
G0793003000026716    2019022520190227826400000004290105320190301000403000727200100000000042900000142000004531141    4                       1         
G0793003000026716    2019022520190227826400000004271105320190301001158000784100100000000042710000142000004541141    4                       1         
G0793003000026716    2019022520190227826400000004248105320190301000482000733600100000000042480000142000004551141    4                       1         
G0793003000026716    2019022520190227826700000004200105320190115000510018041800100000000042000000142000004561141    4                       1         
G0793003000026716    2019022520190227826400000004200105320190201000701000584700100000000042000000142000004571141    4                       1         
G0793003000026716    2019022520190227826400000004200105320190201000356000556800100000000042000000142000004581141    4                       1         
G0793003000026716    2019022520190227826300000004375105320190301001821000828600100000000043750000142000004591141    4                       1         
G0793003000026716    2019022520190227826300000004290105320190301001579000811400100000000042900000142000004601141    4                       1         
G0793003000026716    2019022520190227826300000004283105320190301000386000725800100000000042830000142000004611141    4                       1         
G0793003000026716    2019022520190227826000000004400105320190201000574000575100100000000044000000142000004621141    4                       1         
G0793003000026716    2019022520190227826000000004290105320190301000541000738400100000000042900000142000004631141    4                       1         
G0793003000026716    2019022520190227826000000004282105320190301000591000742500100000000042820000142000004641141    4                       1         
G0793003000026716    2019022520190227826900000004260105320190215000523018103500100000000042600000142000004651141    4                       1         
G0793003000026716    2019022520190227826800000004260105320190215000033018063600100000000042600000142000004661141    4                       1         
G0793003000026716    2019022520190227826400000004825105320190215000325018087200100000000048250000142000004671141    4                       1         
G0793003000026716    2019022520190227826200000004362105320190215000419018094600100000000043620000142000004681141    4                       1         
G0793003000026716    2019022520190227826500000004260105320190215000682018117300100000000042600000142000004691141    4                       1         
G0793003000026716    2019022520190227826000000004272105320190301001505000806900100000000042720000142000004701141    4                       1         
G0793003000026716    2019022520190227826500000004260105320190215000265018082100100000000042600000142000004711141    4                       1         
G0793003000026716    2019022520190227826100000001390105320190301001943000836700100000000013900000142000004721141    4                       1         
G0793003000026716    2019022520190227826500000004260105320190215000228018079600100000000042600000142000004731141    4                       1         
G0793003000026716    2019022520190227826500000004200105320190115000725018060300100000000042000000142000004741141    4                       1         
G0793003000026716    2019022520190227826200000004260105320190215000671018116600100000000042600000142000004751141    4                       1         
G0793003000026716    2019022520190227826200000004260105320190215000510018102200100000000042600000142000004761141    4                       1         
G0793003000026716    2019022520190227826200000004260105320190215000315018086500100000000042600000142000004771141    4                       1         
G0793003000026716    2019022520190227826200000004260105320190215000073018066800100000000042600000142000004781141    4                       1         
G0793003000026716    2019022520190227826200000004260105320190215000053018065100100000000042600000142000004791141    4                       1         
G0793003000026716    2019022520190227826200000004260105320190215000026018062900100000000042600000142000004801141    4                       1         
G0793003000026716    2019022520190227826500000004200105320190115000523018043100100000000042000000142000004811141    4                       1         
G0793003000026716    2019022520190227826200000004200105320190115000033018002800100000000042000000142000004821141    4                       1         
G0793003000026716    2019022520190227826600000004300105320190201000526000571000100000000043000000142000004831141    4                       1         
G0793003000026716    2019022520190227826600000004295105320190301001491000806100100000000042950000142000004841141    4                       1         
G0793003000026716    2019022520190227826600000004290105320190301001527000808600100000000042900000142000004851141    4                       1         
G0793003000026716    2019022520190227826600000004200105320190301001545000859400100000000042000000142000004861141    4                       1         
G0793003000026716    2019022520190227826500000005435105320190301001700000820000100000000054350000142000004871141    4                       1         
G0793003000026716    2019022520190227826800000004390105320190301000538000738200100000000043900000142000004881141    4                       1         
G0793003000026716    2019022520190227826800000004290105320190301001594000812600100000000042900000142000004891141    4                       1         
G0793003000026716    2019022520190227826800000004200105320190201000115000538400100000000042000000142000004901141    4                       1         
G0793003000026716    2019022520190227826500000004200105320190115000671018056300100000000042000000142000004911141    4                       1         
G0793003000026716    2019022520190227826400000007139105320190215000177018075500100000000071390000142000004921141    4                       1         
G0793003000026716    2019022520190227826100000004200105320190115000624018052100100000000042000000142000004931141    4                       1         
G0793003000026716    2019022520190227826000000004346105320190215000235018080200100000000043460000142000004941141    4                       1         
G0793003000026716    2019022520190227826000000009364105320190215000657018115400100000000093640000142000004951141    4                       1         
G0793003000026716    2019022520190227826600000004240105320190215000600018110300100000000042400000142000004961141    4                       1         
G0793003000026716    2019022520190227826400000001250105320190204070589035747800100000000012500000142000004971829    4                       1         
G0793003000026716    2019022520190227826600000004759105320190306003870006885200100000000047590000142000004983863    4                       1         
G0793003000026716    2019022520190227826600000004362105320190215000382018091700100000000043620000142000004991141    4                       1         
G0793003000026716    2019022520190227826500000004090105320190304070700035833100100000000040900000142000005001829    4                       1         
G0793003000026716    2019022520190227826600000004739105320190306002750006874900100000000047390000142000005013863    4                       1         
G0793003000026716    2019022520190227826900000004260105320190215000243018080800100000000042600000142000005021141    4                       1         
G0793003000026716    2019022520190227826900000003100105320190306006012006920400100000000031000000142000005033863    4                       1         
G0793003000026716    2019022520190227826400000004250105320190204070485035740600100000000042500000142000005041829    4                       1         
G0793003000026716    2019022520190227826000000006500105320190204070514035742600100000000065000000142000005051829    4                       1         
G0793003000026716    2019022520190227826500000006182105320190306005594006905600100000000061820000142000005063863    4                       1         
G0793003000026716    2019022520190227826700000003100105320190306005997006919200100000000031000000142000005073863    4                       1         
G0793003000026716    2019022520190227826000000004199105320190304070380035809200100000000041990000142000005081829    4                       1         
G0793003000026716    2019022520190227826700000004200105320190115000682018057000100000000042000000142000005091141    4                       1         
G0793003000026716    2019022520190227826500000004090105320190304070396035810400100000000040900000142000005101829    4                       1         
G0793003000026716    2019022520190227826400000001250105320190204070545035744600100000000012500000142000005111829    4                       1         
G0793003000026716    2019022520190227826500000004082105320190304070917035848200100000000040820000142000005121829    4                       1         
G0793003000026716    2019022520190227826400000004150105320190204071006035778800100000000041500000142000005131829    4                       1         
G0793003000026716    2019022520190227826400000004090105320190304070671035830500100000000040900000142000005141829    4                       1         
G0793003000026716    2019022520190227826100000004204105320190304070160035792500100000000042040000142000005151829    4                       1         
G0793003000026716    2019022520190227826300000004090105320190304070715035834300100000000040900000142000005161829    4                       1         
G0793003000026716    2019022520190227826300000001346105320190304070465035815900100000000013460000142000005171829    4                       1         
G0793003000026716    2019022520190227826000000004150105320190204070548035744900100000000041500000142000005181829    4                       1         
G0793003000026716    2019022520190227826000000001332105320190304070268035801600100000000013320000142000005191829    4                       1         
G0793003000026716    2019022520190227826100000004093105320190304070951035850800100000000040930000142000005201829    4                       1         
G0793003000026716    2019022520190227826000000004063105320190306001413006863700100000000040630000142000005213863    4                       1         
G0793003000026716    2019022520190227826600000003200105320190205001413006792600100000000032000000142000005223863    4                       1         
G0793003000026716    2019022520190227826100000004090105320190304070652035829000100000000040900000142000005231829    4                       1         
G0793003000026716    2019022520190227826100000001250105320190204070455035738100100000000012500000142000005241829    4                       1         
G0793003000026716    2019022520190227826700000001319105320190304070589035824400100000000013190000142000005251829    4                       1         
G0793003000026716    2019022520190227826500000005234105320190304070672035830600100000000052340000142000005261829    4                       1         
G0793003000026716    2019022520190227826500000004800105320190205003610006812900100000000048000000142000005273863    4                       1         
G0793003000026716    2019022520190227826800000004090105320190304071007035855000100000000040900000142000005281829    4                       1         
G0793003000026716    2019022520190227826000000001250105320190304070602035860200100000000012500000142000005291829    4                       1         
G0793003000026716    2019022520190227826800000009800105320190205004750006823000100000000098000000142000005303863    4                       1         
G0793003000026716    2019022520190227826700000004090105320190304070971035852400100000000040900000142000005311829    4                       1         
G0793003000026716    2019022520190227826200000003199105320190306004370006889800100000000031990000142000005323863    4                       1         
G0793003000026716    2019022520190227826500000004755105320190306003570006882700100000000047550000142000005333863    4                       1         
G0793003000026716    2019022520190227826200000004950105320190306003190006879300100000000049500000142000005343863    4                       1         
G0793003000026716    2019022520190227826500000003100105320190306000950006859200100000000031000000142000005353863    4                       1         
G0793003000026716    2019022520190227826300000003184105320190306004390006889900100000000031840000142000005363863    4                       1         
G0793003000026716    2019022520190227826400000003200105320190205005715006841100100000000032000000142000005373863    4                       1         
G0793003000026716    2019022520190227826600000004358105320190215000440018096300100000000043580000142000005381141    4                       1         
G0793003000026716    2019022520190227826600000004260105320190215000624018112500100000000042600000142000005391141    4                       1         
G0793003000026716    2019022520190227826400000010850105320190306001072028076200100000000108500000142000005404481    4                       1         
G0793003000026716    2019022520190227826300000004230105320190306000203028011500100000000042300000142000005414481    4                       1         
G0793003000026716    2019022520190227826700000005970105320190304000486002624100100000000059700000142000005421116    4                       1         
G0793003000026716    2019022520190227826700000004270105320190304000619002632100100000000042700000142000005431116    4                       1         
G0793003000026716    2019022520190227826900000011100105320190304000350002617600100000000111000000142000005441116    4                       1         
G0793003000026716    2019022520190227826900000004150105320190204000089002555000100000000041500000142000005451116    4                       1         
G0793003000026716    2019022520190227826400000004270105320190304000176002608000100000000042700000142000005461116    4                       1         
G0793003000026716    2019022520190227826300000004270105320190304000789002642400100000000042700000142000005471116    4                       1         
G0793003000026716    2019022520190227826200000009320105320190304000004002599000100000000093200000142000005481116    4                       1         
G0793003000026716    2019022520190227826000000004150105320190204000109002556200100000000041500000142000005491116    4                       1         
G0793003000026716    2019022520190227826800000004270105320190304000481002623800100000000042700000142000005501116    4                       1         
G0793003000026716    2019022520190227826600000005900105320190204000195002561300100000000059000000142000005511116    4                       1         
G0793003000026716    2019022520190227826600000004398105320190304000686002635700100000000043980000142000005521116    4                       1         
G0793003000026716    2019022520190227826600000004230105320190306000054045004500100000000042300000142000005531829    4                       1         
G0793003000026716    2019022520190227826900000004230105320190306000315045026800100000000042300000142000005541829    4                       1         
G0793003000026716    2019022520190227826700000004811105320190306000153045012800100000000048110000142000005551829    4                       1         
G0793003000026716    2019022520190227826100000004496105320190221000384014298900100000000044960000142000005563089    4                       1         
G0793003000026716    2019022520190227826400000010700105320190103000296002517700100000000107000000142000005574065    4                       1         
G0793003000026716    2019022520190227826100000004387105320190221000371014297800100000000043870000142000005583089    4                       1         
G0793003000026716    2019022520190227826000000010850105320190201001010000608700100000000108500000142000005594065    4                       1         
G0793003000026716    2019022520190227826500000003850105320181107000534000052900100000000038500000142000005604481    4                       1         
G0793003000026716    2019022520190227826900000004300105320190214000733010432900100000000043000000142000005611829    4                       1         
G0793003000026716    2019022520190227826400000004195105320190225070380020306000100000000041950000142000005621829    4                       1         
G0793003000026716    2019022520190227826700000004230105320190306000520045043900100000000042300000142000005631829    4                       1         
G0793003000026716    2019022520190227826700000004230105320190306000295045025200100000000042300000142000005641829    4                       1         
G0793003000026716    2019022520190227826500000004230105320190306000098045008300100000000042300000142000005651829    4                       1         
G0793003000026716    2019022520190227826400000004230105320190306000127045010400100000000042300000142000005661829    4                       1         
G0793003000026716    2019022520190227826400000005973105320190306000285045024400100000000059730000142000005671829    4                       1         
G0793003000026716    2019022520190227826100000004230105320190306000265045022900100000000042300000142000005681829    4                       1         
G0793003000026716    2019022520190227826000000004230105320190306000030045002400100000000042300000142000005691829    4                       1         
G0793003000026716    2019022520190227826000000004230105320190306000318045027100100000000042300000142000005701829    4                       1         
G0793003000026716    2019022520190227826000000004230105320190306000134045011100100000000042300000142000005711829    4                       1         
G0793003000026716    2019022520190227826600000004230105320190306000288045024700100000000042300000142000005721829    4                       1         
G0793003000026716    2019022520190227826600000004405105320190221000709014327800100000000044050000142000005733089    4                       1         
G0793003000026716    2019022520190227826000000004200105320190121000014014262400100000000042000000142000005743089    4                       1         
G0793003000026716    2019022520190227826100000004200105320181221000576014143000100000000042000000142000005753089    4                       1         
G0793003000026716    2019022520190227826100000004200105320181121000852014078700100000000042000000142000005763089    4                       1         
G0793003000026716    2019022520190227826600000001362105320190221000362014296900100000000013620000142000005773089    4                       1         
G0793003000026716    2019022520190227826000000003230105320190221000852014263800100000000032300000142000005783089    4                       1         
G0793003000026716    2019022520190227826000000001420105320190221000851014339100100000000014200000142000005793089    4                       1         
G0793003000026716    2019022520190227826800000004318105320190221000468014306800100000000043180000142000005803089    4                       1         
G0793003000026716    2019022520190227826700000014650105320190121000868014253600100000000146500000142000005813089    4                       1         
G0793003000026716    2019022520190227826700000001390105320190221000902014342700100000000013900000142000005823089    4                       1         
G0793003000026716    2019022520190227826600000004417105320190221000263014287900100000000044170000142000005833089    4                       1         
G0793003000026716    2019022520190227826700000005800105320190121000339014206900100000000058000000142000005843089    4                       1         
G0793003000026716    2019022520190227826900000007015105320190221000477014307600100000000070150000142000005853089    4                       1         
G0793003000026716    2019022520190227826900000007009105320190221000578014316400100000000070090000142000005863089    4                       1         
G0793003000026716    2019022520190227826900000006801105320190221000307014291800100000000068010000142000005873089    4                       1         
G0793003000026716    2019022520190227826900000006150105320190121000852014252500100000000061500000142000005883089    4                       1         
G0793003000026716    2019022520190227826900000004824105320190221000565014315200100000000048240000142000005893089    4                       1         
G0793003000026716    2019022520190227826100000004405105320190221000478014307700100000000044050000142000005903089    4                       1         
G0793003000026716    2019022520190227826800000007003105320190221000528014312000100000000070030000142000005913089    4                       1         
G0793003000026716    2019022520190227826800000004409105320190221000447014304700100000000044090000142000005923089    4                       1         
G0793003000026716    2019022520190227826200000001400105320190121000851014252400100000000014000000142000005933089    4                       1         
G0793003000026716    2019022520190227826100000005700105320190121000616014231900100000000057000000142000005943089    4                       1         
G0793003000026716    2019022520190227826100000004430105320190221000488014308500100000000044300000142000005953089    4                       1         
G0793003000026716    2019022520190227826900000004200105320190121000409014213100100000000042000000142000005963089    4                       1         
G0793003000026716    2019022520190227826900000004200105320181221000852014166900100000000042000000142000005973089    4                       1         
G0793003000026716    2019022520190227826900000004200105320181221000014014089400100000000042000000142000005983089    4                       1         
G0793003000026716    2019022520190227826500000004398105320190221000048014268400100000000043980000142000005993089    4                       1         
G0793003000026716    2019022520190227826500000004318105320190221000742014330400100000000043180000142000006003089    4                       1         
G0793003000026716    2019022520190227826200000006750105320190121000320014205200100000000067500000142000006013089    4                       1         
G0793003000026716    2019022520190227826500000001438105320190221000962014347600100000000014380000142000006023089    4                       1         
G0793003000026716    2019022520190227826400000005500105320190121000056014181700100000000055000000142000006033089    4                       1         
G0793003000026716    2019022520190227826400000004396105320190221000175014280000100000000043960000142000006043089    4                       1         
Z00060600000000002696106                                                                                                                              
