A2201053              HIDROFORTETOCANTINS 104CAIXA ECON. FEDERAL 2019022700156103                                                                     
G0793003000026716    2019022620190227826700000003800105300100000060869002627100000000000038000000142000000013738    3                       1         
G0793003000026716    2019022620190227826600000003850105300100000060653002607300000000000038500000142000000023738    3                       1         
G0793003000026716    2019022620190227826600000014650105320190204070337035729500100000000146500000142000000032525    3                       1         
G0793003000026716    2019022620190227826100000006750105320190204070334035729200100000000067500000142000000042525    3                       1         
G0793003000026716    2019022620190228826000000004130105300100000071795081908400000000000041300000142000000050996    4                       1         
G0793003000026716    2019022620190228826500000001365105300100000070880081822300000000000013650000142000000063939    4                       1         
G0793003000026716    2019022620190228826700000004100105300100000072021081928800000000000041000000142000000073939    4                       1         
G0793003000026716    2019022620190228826700000001328105300100000070291081766500000000000013280000142000000083939    4                       1         
G0793003000026716    2019022620190228826700000001322105300100000070950081828700000000000013220000142000000093939    4                       1         
G0793003000026716    2019022620190228826700000001301105300100000070904081824500000000000013010000142000000103939    4                       1         
G0793003000026716    2019022620190228826700000001300105300100000070326081769900000000000013000000142000000113939    4                       1         
G0793003000026716    2019022620190228826600000006786105300100000071732081902300000000000067860000142000000123939    4                       1         
G0793003000026716    2019022620190228826600000004680105300100000071443081876000000000000046800000142000000133939    4                       1         
G0793003000026716    2019022620190228826500000004200105300100000071010081660700000000000042000000142000000143939    4                       1         
G0793003000026716    2019022620190228826500000004130105300100000071257081858200000000000041300000142000000153939    4                       1         
G0793003000026716    2019022620190228826900000007680105300100000070347081771700000000000076800000142000000163939    4                       1         
G0793003000026716    2019022620190228826900000005200105300100000070802081641300000000000052000000142000000173939    4                       1         
G0793003000026716    2019022620190228826500000004127105300100000071807081909600000000000041270000142000000183939    4                       1         
G0793003000026716    2019022620190228826500000004120105300100000070813081816300000000000041200000142000000193939    4                       1         
G0793003000026716    2019022620190228826500000004100105300100000072007081927400000000000041000000142000000203939    4                       1         
G0793003000026716    2019022620190228826600000004275105300100000071288081861300000000000042750000142000000213939    4                       1         
G0793003000026716    2019022620190228826700000004098105300100000070413081778100000000000040980000142000000223939    4                       1         
G0793003000026716    2019022620190228826200000001283105300100000070356081772600000000000012830000142000000233939    4                       1         
G0793003000026716    2019022620190228826100000012600105300100000070945081654400000000000126000000142000000243939    4                       1         
G0793003000026716    2019022620190228826100000005300105300100000070258081589300000000000053000000142000000253939    4                       1         
G0793003000026716    2019022620190228826100000004168105300100000071527081883300000000000041680000142000000263939    4                       1         
G0793003000026716    2019022620190228826100000004130105300100000071162081849200000000000041300000142000000273939    4                       1         
G0793003000026716    2019022620190228826100000004130105300100000070559081791700000000000041300000142000000283939    4                       1         
G0793003000026716    2019022620190228826100000004100105300100000070923080886400000000000041000000142000000293939    4                       1         
G0793003000026716    2019022620190228826100000001872105300100000070302081767600000000000018720000142000000303939    4                       1         
G0793003000026716    2019022620190228826100000001280105300100000071352081867700000000000012800000142000000313939    4                       1         
G0793003000026716    2019022620190228826900000004362105300100000070839081818800000000000043620000142000000323939    4                       1         
G0793003000026716    2019022620190228826000000008413105300100000070861081820600000000000084130000142000000333939    4                       1         
G0793003000026716    2019022620190228826000000004200105300100000071346081693300000000000042000000142000000343939    4                       1         
G0793003000026716    2019022620190228826500000004100105300100000071177081676800000000000041000000142000000353939    4                       1         
G0793003000026716    2019022620190228826000000004178105300100000071627081892600000000000041780000142000000363939    4                       1         
G0793003000026716    2019022620190228826000000004164105300100000071491081880300000000000041640000142000000373939    4                       1         
G0793003000026716    2019022620190228826900000004190105300100000071552081885300000000000041900000142000000383939    4                       1         
G0793003000026716    2019022620190228826900000004164105300100000070575081793200000000000041640000142000000393939    4                       1         
G0793003000026716    2019022620190228826900000004163105300100000070594081795000000000000041630000142000000403939    4                       1         
G0793003000026716    2019022620190228826200000004694105300100000071545081884700000000000046940000142000000413939    4                       1         
G0793003000026716    2019022620190228826200000004130105300100000071892081917800000000000041300000142000000423939    4                       1         
G0793003000026716    2019022620190228826900000004130105300100000071328081865300000000000041300000142000000433939    4                       1         
G0793003000026716    2019022620190228826900000004130105300100000071247081857200000000000041300000142000000443939    4                       1         
G0793003000026716    2019022620190228826900000004124105300100000070461081782600000000000041240000142000000453939    4                       1         
G0793003000026716    2019022620190228826900000004100105300100000071633081546900000000000041000000142000000463939    4                       1         
G0793003000026716    2019022620190228826800000004201105300100000070775081812700000000000042010000142000000473939    4                       1         
G0793003000026716    2019022620190228826900000004050105300100000070293081592700000000000040500000142000000483939    4                       1         
G0793003000026716    2019022620190228826800000004144105300100000070629081798500000000000041440000142000000493939    4                       1         
G0793003000026716    2019022620190228826800000004130105300100000071175081850400000000000041300000142000000503939    4                       1         
G0793003000026716    2019022620190228826800000004130105300100000070517081787700000000000041300000142000000513939    4                       1         
G0793003000026716    2019022620190228826200000004130105300100000070757081811000000000000041300000142000000523939    4                       1         
G0793003000026716    2019022620190228826200000006950105300100000070588081620400000000000069500000142000000533939    4                       1         
G0793003000026716    2019022620190228826200000004100105300100000071178081676900000000000041000000142000000543939    4                       1         
G0793003000026716    2019022620190228826900000008450105300100000071978081752400000000000084500000142000000553939    4                       1         
G0793003000026716    2019022620190228826900000007800105300100000071318081690500000000000078000000142000000563939    4                       1         
G0793003000026716    2019022620190228826200000001355105300100000071540081884300000000000013550000142000000573939    4                       1         
G0793003000026716    2019022620190228826500000004200105300100000071873081742600000000000042000000142000000583939    4                       1         
G0793003000026716    2019022620190228826800000001400105300100000070956081655500000000000014000000142000000593939    4                       1         
G0793003000026716    2019022620190228826500000001280105300100000070330081770300000000000012800000142000000603939    4                       1         
G0793003000026716    2019022620190228826800000001350105300100000070953081655200000000000013500000142000000613939    4                       1         
G0793003000026716    2019022620190228826800000001300105300100000070988081658500000000000013000000142000000623939    4                       1         
G0793003000026716    2019022620190228826800000001280105300100000071353081867800000000000012800000142000000633939    4                       1         
G0793003000026716    2019022620190228826900000001336105300100000071273081859800000000000013360000142000000643939    4                       1         
G0793003000026716    2019022620190228826900000001335105300100000070588081794400000000000013350000142000000653939    4                       1         
G0793003000026716    2019022620190228826900000001322105300100000071750081904000000000000013220000142000000663939    4                       1         
G0793003000026716    2019022620190228826900000001307105300100000071102081843400000000000013070000142000000673939    4                       1         
G0793003000026716    2019022620190228826800000010900105300100000071630081719600000000000109000000142000000683939    4                       1         
G0793003000026716    2019022620190228826800000007050105300100000071633081373500000000000070500000142000000693939    4                       1         
G0793003000026716    2019022620190228826800000006833105300100000071613081891200000000000068330000142000000703939    4                       1         
G0793003000026716    2019022620190228826800000006500105300100000070887081649100000000000065000000142000000713939    4                       1         
G0793003000026716    2019022620190228826000000004100105300100000071665081722700000000000041000000142000000723939    4                       1         
G0793003000026716    2019022620190228826000000001280105300100000070495081785700000000000012800000142000000733939    4                       1         
G0793003000026716    2019022620190228826400000007950105300100000070562081617900000000000079500000142000000743939    4                       1         
G0793003000026716    2019022620190228826400000006450105300100000070524081614300000000000064500000142000000753939    4                       1         
G0793003000026716    2019022620190228826300000007800105300100000061259002660500000000000078000000142000000763738    4                       1         
G0793003000026716    2019022620190228826900000003750105300100000060669002608700000000000037500000142000000773738    4                       1         
G0793003000026716    2019022620190228826000000003850105300100000060815002622400000000000038500000142000000783738    4                       1         
G0793003000026716    2019022620190228826800000003750105300100000060850002625200000000000037500000142000000793738    4                       1         
G0793003000026716    2019022620190228826900000003850105300100000060770002618400000000000038500000142000000803738    4                       1         
G0793003000026716    2019022620190228826800000007400105300100000060691002610900000000000074000000142000000813738    4                       1         
G0793003000026716    2019022620190228826200000012000105300100000061169002653400000000000120000000142000000823738    4                       1         
G0793003000026716    2019022620190228826800000005400105300100000060390002584900000000000054000000142000000833738    4                       1         
G0793003000026716    2019022620190228826400000003950105300100000060391002585000000000000039500000142000000843738    4                       1         
G0793003000026716    2019022620190228826000000003850105300100000060767002618100000000000038500000142000000853738    4                       1         
G0793003000026716    2019022620190228826600000003850105300100000060522002596400000000000038500000142000000863738    4                       1         
G0793003000026716    2019022620190228826100000003850105300100000060433002588500000000000038500000142000000873738    4                       1         
G0793003000026716    2019022620190228826400000004300105300100000071254081684100000000000043000000142000000883939    4                       1         
G0793003000026716    2019022620190228826400000004300105300100000070703081631700000000000043000000142000000893939    4                       1         
G0793003000026716    2019022620190228826300000004200105300100000071922081747500000000000042000000142000000903939    4                       1         
G0793003000026716    2019022620190228826300000004200105300100000071798081735300000000000042000000142000000913939    4                       1         
G0793003000026716    2019022620190228826300000004154105300100000071410081873100000000000041540000142000000923939    4                       1         
G0793003000026716    2019022620190228826200000004050105300100000070110020261500000000000040500000142000000931829    4                       1         
G0793003000026716    2019022620190228826300000006500105300100000070312020275500000000000065000000142000000941829    4                       1         
G0793003000026716    2019022620190228826500000006300105300100000070192020266800000000000063000000142000000951829    4                       1         
G0793003000026716    2019022620190228826800000004200105300100000070182020266100000000000042000000142000000961829    4                       1         
G0793003000026716    2019022620190228826000000012100105300100000070217020268500000000000121000000142000000971829    4                       1         
G0793003000026716    2019022620190228826800000004050105300100000070202020267400000000000040500000142000000981829    4                       1         
G0793003000026716    2019022620190228826800000007750105300100000070329020276500000000000077500000142000000991829    4                       1         
G0793003000026716    2019022620190228826300000004130105300100000071385081870700000000000041300000142000001003939    4                       1         
G0793003000026716    2019022620190228826300000004130105300100000071363081868700000000000041300000142000001013939    4                       1         
G0793003000026716    2019022620190228826900000005900105300100000070337020277100000000000059000000142000001021829    4                       1         
G0793003000026716    2019022620190228826600000017300105300100000070135020263300000000000173000000142000001031829    4                       1         
G0793003000026716    2019022620190228826300000004130105300100000070791081814200000000000041300000142000001043939    4                       1         
G0793003000026716    2019022620190228826300000003750105300100000060639002606000000000000037500000142000001053738    4                       1         
G0793003000026716    2019022620190228826900000005950105300100000060784002619700000000000059500000142000001063738    4                       1         
G0793003000026716    2019022620190228826600000004250105300100000060445002589700000000000042500000142000001073738    4                       1         
G0793003000026716    2019022620190228826200000005900105300100000060840002624400000000000059000000142000001083738    4                       1         
G0793003000026716    2019022620190228826300000003750105300100000060215002570200000000000037500000142000001093738    4                       1         
G0793003000026716    2019022620190228826300000004130105300100000070306081767900000000000041300000142000001103939    4                       1         
G0793003000026716    2019022620190228826300000001308105300100000070922081826200000000000013080000142000001113939    4                       1         
G0793003000026716    2019022620190228826300000001296105300100000070856081820200000000000012960000142000001123939    4                       1         
G0793003000026716    2019022620190228826300000001284105300100000071797081908600000000000012840000142000001133939    4                       1         
G0793003000026716    2019022620190228826300000001280105300100000071969081924900000000000012800000142000001143939    4                       1         
G0793003000026716    2019022620190228826400000004200105300100000071505081708100000000000042000000142000001153939    4                       1         
G0793003000026716    2019022620190228826400000004144105300100000070578081793500000000000041440000142000001163939    4                       1         
G0793003000026716    2019022620190228826400000004133105300100000071609081890800000000000041330000142000001173939    4                       1         
G0793003000026716    2019022620190228826400000004130105300100000071824081911200000000000041300000142000001183939    4                       1         
G0793003000026716    2019022620190228826400000004130105300100000071818081910600000000000041300000142000001193939    4                       1         
G0793003000026716    2019022620190228826400000004130105300100000070558081791600000000000041300000142000001203939    4                       1         
G0793003000026716    2019022620190228826400000004100105300100000071079081667400000000000041000000142000001213939    4                       1         
G0793003000026716    2019022620190228826400000004100105300100000070923081236000000000000041000000142000001223939    4                       1         
G0793003000026716    2019022620190228826400000001333105300100000071128081845900000000000013330000142000001233939    4                       1         
G0793003000026716    2019022620190228826700000010564105300100000071465081877900000000000105640000142000001243939    4                       1         
G0793003000026716    2019022620190228826700000009329105300100000071262081858700000000000093290000142000001253939    4                       1         
G0793003000026716    2019022620190228826700000006550105300100000070923080958700000000000065500000142000001263939    4                       1         
G0793003000026716    2019022620190228826700000006450105300100000070458081608500000000000064500000142000001273939    4                       1         
G0793003000026716    2019022620190228826700000005600105300100000072019081755500000000000056000000142000001283939    4                       1         
G0793003000026716    2019022620190228826700000004240105300100000071955081923700000000000042400000142000001293939    4                       1         
G0793003000026716    2019022620190228826700000004200105300100000070575081619200000000000042000000142000001303939    4                       1         
G0793003000026716    2019022620190228826700000004180105300100000071307081863200000000000041800000142000001313939    4                       1         
G0793003000026716    2019022620190228826700000004166105300100000071294081861900000000000041660000142000001323939    4                       1         
G0793003000026716    2019022620190228826700000004136105300100000071851081913900000000000041360000142000001333939    4                       1         
G0793003000026716    2019022620190228826300000011700105300100000071629081719500000000000117000000142000001343939    4                       1         
G0793003000026716    2019022620190228826300000008449105300100000071784081907300000000000084490000142000001353939    4                       1         
G0793003000026716    2019022620190228826300000006380105300100000071880081916600000000000063800000142000001363939    4                       1         
G0793003000026716    2019022620190228826600000004144105300100000070327081770000000000000041440000142000001373939    4                       1         
G0793003000026716    2019022620190228826600000004130105300100000071594081889400000000000041300000142000001383939    4                       1         
G0793003000026716    2019022620190228826600000004130105300100000070613081796900000000000041300000142000001393939    4                       1         
G0793003000026716    2019022620190228826600000001294105300100000071813081910200000000000012940000142000001403939    4                       1         
G0793003000026716    2019022620190228826200000001250105320190204070759035783400100000000012500000142000001411829    4                       1         
G0793003000026716    2019022620190228826700000004650105320190321061247002762700100000000046500000142000001423738    4                       1         
G0793003000026716    2019022620190228826800000003868105320190304060546002702400100000000038680000142000001433738    4                       1         
G0793003000026716    2019022620190228826200000007062105320190304061203002760000100000000070620000142000001443738    4                       1         
G0793003000026716    2019022620190228826700000003882105320190304061063002747900100000000038820000142000001453738    4                       1         
G0793003000026716    2019022620190228826100000004104105320190304070169035793100100000000041040000142000001461829    4                       1         
G0793003000026716    2019022620190228826800000004050105320190204070299035726700100000000040500000142000001471829    4                       1         
G0793003000026716    2019022620190228826500000004335105320190225070395020307100100000000043350000142000001481829    4                       1         
G0793003000026716    2019022620190228826000000003882105320190304060796002724900100000000038820000142000001493738    4                       1         
G0793003000026716    2019022620190228826800000003862105320190304060419002691500100000000038620000142000001503738    4                       1         
G0793003000026716    2019022620190228826700000004120105320190304070965035852000100000000041200000142000001511829    4                       1         
G0793003000026716    2019022620190228826300000003972105320190304060639002710200100000000039720000142000001523738    4                       1         
G0793003000026716    2019022620190228826900000005804105320190304071036035856800100000000058040000142000001531829    4                       1         
G0793003000026716    2019022620190228826200000004090105320190304070263035801100100000000040900000142000001541829    4                       1         
G0793003000026716    2019022620190228826400000006287105320190304070347035807100100000000062870000142000001551829    4                       1         
G0793003000026716    2019022620190228826700000004257105320190304070546035821500100000000042570000142000001561829    4                       1         
G0793003000026716    2019022620190228826900000005378105320190304060877002731900100000000053780000142000001573738    4                       1         
G0793003000026716    2019022620190228826700000004050105320190204071023035779600100000000040500000142000001581829    4                       1         
G0793003000026716    2019022620190228826200000004104105320190304070481035817200100000000041040000142000001591829    4                       1         
G0793003000026716    2019022620190228826900000004090105320190304070822035841500100000000040900000142000001601829    4                       1         
G0793003000026716    2019022620190228826900000004150105320190204070708035757000100000000041500000142000001611829    4                       1         
G0793003000026716    2019022620190228826000000006630105320190304070042035786600100000000066300000142000001621829    4                       1         
G0793003000026716    2019022620190228826200000004879105320190304060738002719400100000000048790000142000001633738    4                       1         
G0793003000026716    2019022620190228826100000001196105320190304060800002725300100000000011960000142000001643738    4                       1         
G0793003000026716    2019022620190228826400000003882105320190304060341002685100100000000038820000142000001653738    4                       1         
G0793003000026716    2019022620190228826400000003794105320190304060110002671200100000000037940000142000001663738    4                       1         
G0793003000026716    2019022620190228826800000004342105320190304060462002695500100000000043420000142000001673738    4                       1         
G0793003000026716    2019022620190228826600000003932105320190304061046002746600100000000039320000142000001683738    4                       1         
G0793003000026716    2019022620190228826100000004150105320190204070331035728900100000000041500000142000001691829    4                       1         
G0793003000026716    2019022620190228826500000004450105320190204070475035739700100000000044500000142000001701829    4                       1         
G0793003000026716    2019022620190228826700000003882105320190304060810002726100100000000038820000142000001713738    4                       1         
G0793003000026716    2019022620190228826700000003882105320190304060474002696700100000000038820000142000001723738    4                       1         
G0793003000026716    2019022620190228826200000005850105320190204070313035727500100000000058500000142000001731829    4                       1         
G0793003000026716    2019022620190228826600000003882105320190304060377002688200100000000038820000142000001743738    4                       1         
G0793003000026716    2019022620190228826700000003855105320190304061160002756100100000000038550000142000001753738    4                       1         
G0793003000026716    2019022620190228826700000003750105320190304060097002671000100000000037500000142000001763738    4                       1         
G0793003000026716    2019022620190228826600000004650105320190321061339002769400100000000046500000142000001773738    4                       1         
G0793003000026716    2019022620190228826300000003882105320190304060571002704500100000000038820000142000001783738    4                       1         
G0793003000026716    2019022620190228826700000004200105320190204070834035765900100000000042000000142000001791829    4                       1         
G0793003000026716    2019022620190228826600000004150105320190204070901035770500100000000041500000142000001801829    4                       1         
G0793003000026716    2019022620190228826800000004350105320190214001493010481800100000000043500000142000001811829    4                       1         
G0793003000026716    2019022620190228826200000005882105320190304060573002704700100000000058820000142000001823738    4                       1         
G0793003000026716    2019022620190228826600000003882105320190304060183002672300100000000038820000142000001833738    4                       1         
G0793003000026716    2019022620190228826100000001226105320190304060737002719300100000000012260000142000001843738    4                       1         
G0793003000026716    2019022620190228826100000001154105320190304060704002716200100000000011540000142000001853738    4                       1         
G0793003000026716    2019022620190228826200000004150105320190204071027035780000100000000041500000142000001861829    4                       1         
G0793003000026716    2019022620190228826600000003876105320190304060468002696100100000000038760000142000001873738    4                       1         
G0793003000026716    2019022620190228826300000003856105320190304060336002684600100000000038560000142000001883738    4                       1         
G0793003000026716    2019022620190228826800000004300105320190314000141010512400100000000043000000142000001891829    4                       1         
G0793003000026716    2019022620190228826800000004300105320190214000854010443000100000000043000000142000001901829    4                       1         
G0793003000026716    2019022620190228826800000004200105320190214001173010461000100000000042000000142000001911829    4                       1         
G0793003000026716    2019022620190228826800000012000105320190214000684010429000100000000120000000142000001921829    4                       1         
G0793003000026716    2019022620190228826500000003882105320190304060736002719200100000000038820000142000001933738    4                       1         
G0793003000026716    2019022620190228826500000004206105320190304070382035809400100000000042060000142000001941829    4                       1         
G0793003000026716    2019022620190228826500000004082105320190304070379035809100100000000040820000142000001951829    4                       1         
G0793003000026716    2019022620190228826500000003882105320190304060338002684800100000000038820000142000001963738    4                       1         
G0793003000026716    2019022620190228826100000004090105320190304070612035826100100000000040900000142000001971829    4                       1         
G0793003000026716    2019022620190228826400000001154105320190304060806002725800100000000011540000142000001983738    4                       1         
G0793003000026716    2019022620190228826400000001154105320190304060703002716100100000000011540000142000001993738    4                       1         
G0793003000026716    2019022620190228826000000003175105320190306002280006871000100000000031750000142000002003863    4                       1         
G0793003000026716    2019022620190228826700000003195105320190306005545006901800100000000031950000142000002013863    4                       1         
G0793003000026716    2019022620190228826700000003100105320190306005523006900400100000000031000000142000002023863    4                       1         
G0793003000026716    2019022620190228826800000003850105320190204061209002657000100000000038500000142000002033738    4                       1         
G0793003000026716    2019022620190228826800000003838105320190304060545002702300100000000038380000142000002043738    4                       1         
G0793003000026716    2019022620190228826900000006052105320190306004690006892800100000000060520000142000002053863    4                       1         
G0793003000026716    2019022620190228826900000005700105320190205005955006846500100000000057000000142000002063863    4                       1         
G0793003000026716    2019022620190228826900000004785105320190306000130006852000100000000047850000142000002073863    4                       1         
G0793003000026716    2019022620190228826900000004745105320190306002350006871700100000000047450000142000002083863    4                       1         
G0793003000026716    2019022620190228826200000006000105320190306006016006920700100000000060000000142000002093863    4                       1         
G0793003000026716    2019022620190228826200000004797105320190306004480006890700100000000047970000142000002103863    4                       1         
G0793003000026716    2019022620190228826200000003100105320190205004409006819800100000000031000000142000002113863    4                       1         
G0793003000026716    2019022620190228826500000003187105320190306003200006879400100000000031870000142000002123863    4                       1         
G0793003000026716    2019022620190228826500000003182105320190306004460006890500100000000031820000142000002133863    4                       1         
G0793003000026716    2019022620190228826500000003100105320190306005750006912000100000000031000000142000002143863    4                       1         
G0793003000026716    2019022620190228826400000011100105320190306006021006921200100000000111000000142000002153863    4                       1         
G0793003000026716    2019022620190228826400000009143105320190306000830006858400100000000091430000142000002163863    4                       1         
G0793003000026716    2019022620190228826400000007525105320190306005520006900100100000000075250000142000002173863    4                       1         
G0793003000026716    2019022620190228826300000004710105320190306002020006868800100000000047100000142000002183863    4                       1         
G0793003000026716    2019022620190228826400000006250105320190306006000006919500100000000062500000142000002193863    4                       1         
G0793003000026716    2019022620190228826400000004950105320190306005963006917400100000000049500000142000002203863    4                       1         
G0793003000026716    2019022620190228826200000010000105320190205000760006786600100000000100000000142000002213863    4                       1         
G0793003000026716    2019022620190228826400000003195105320190306005553006902400100000000031950000142000002223863    4                       1         
G0793003000026716    2019022620190228826400000003167105320190306000170006852300100000000031670000142000002233863    4                       1         
G0793003000026716    2019022620190228826400000003161105320190306005575006904000100000000031610000142000002243863    4                       1         
G0793003000026716    2019022620190228826700000009450105320190205004105006817200100000000094500000142000002253863    4                       1         
G0793003000026716    2019022620190228826700000005700105320190205003430006811200100000000057000000142000002263863    4                       1         
G0793003000026716    2019022620190228826700000005159105320190306004440006890400100000000051590000142000002273863    4                       1         
G0793003000026716    2019022620190228826700000005038105320190306000730006857600100000000050380000142000002283863    4                       1         
G0793003000026716    2019022620190228826700000004900105320190205001770006795800100000000049000000142000002293863    4                       1         
G0793003000026716    2019022620190228826300000021400105320190306006020006921100100000000214000000142000002303863    4                       1         
G0793003000026716    2019022620190228826600000003864105320190304060574002704800100000000038640000142000002313738    4                       1         
G0793003000026716    2019022620190228826100000003882105320190304060312002682600100000000038820000142000002323738    4                       1         
G0793003000026716    2019022620190228826500000007887105320190304060248002677500100000000078870000142000002333738    4                       1         
G0793003000026716    2019022620190228826100000003932105320190304060342002685200100000000039320000142000002343738    4                       1         
G0793003000026716    2019022620190228826200000001113105320190304060825002727200100000000011130000142000002353738    4                       1         
G0793003000026716    2019022620190228826100000003882105320190304060857002729900100000000038820000142000002363738    4                       1         
G0793003000026716    2019022620190228826300000004795105320190306002340006871600100000000047950000142000002373863    4                       1         
G0793003000026716    2019022620190228826300000004773105320190306003290006880300100000000047730000142000002383863    4                       1         
G0793003000026716    2019022620190228826600000003100105320190306005971006917800100000000031000000142000002393863    4                       1         
G0793003000026716    2019022620190228826500000006557105320190306002590006873900100000000065570000142000002403863    4                       1         
G0793003000026716    2019022620190228826100000004795105320190306000840006858500100000000047950000142000002413863    4                       1         
G0793003000026716    2019022620190228826200000004302105320190225070410020308200100000000043020000142000002421829    4                       1         
G0793003000026716    2019022620190228826100000004767105320190306003470006881800100000000047670000142000002433863    4                       1         
G0793003000026716    2019022620190228826600000004297105320190225070182020293000100000000042970000142000002441829    4                       1         
G0793003000026716    2019022620190228826100000003178105320190306005593006905500100000000031780000142000002453863    4                       1         
G0793003000026716    2019022620190228826100000003100105320190306005643006909000100000000031000000142000002463863    4                       1         
G0793003000026716    2019022620190228826000000029100105320190306006026006921700100000000291000000142000002473863    4                       1         
G0793003000026716    2019022620190228826000000006550105320190205003640006813200100000000065500000142000002483863    4                       1         
G0793003000026716    2019022620190228826000000005050105320190205000385006783100100000000050500000142000002493863    4                       1         
G0793003000026716    2019022620190228826000000004230105320190306000759028052100100000000042300000142000002504481    4                       1         
G0793003000026716    2019022620190228826100000004388105320190225070207020294700100000000043880000142000002511829    4                       1         
G0793003000026716    2019022620190228826400000001538105320190225070391020306900100000000015380000142000002521829    4                       1         
G0793003000026716    2019022620190228826200000005531105320190225070413020308500100000000055310000142000002531829    4                       1         
G0793003000026716    2019022620190228826200000004487105320190225070110020288400100000000044870000142000002541829    4                       1         
G0793003000026716    2019022620190228826000000004230105320190306000296028017300100000000042300000142000002554481    4                       1         
G0793003000026716    2019022620190228826000000004230105320190306000217028012800100000000042300000142000002564481    4                       1         
G0793003000026716    2019022620190228826000000004230105320190306000071028003600100000000042300000142000002574481    4                       1         
G0793003000026716    2019022620190228826900000004230105320190306000488028029500100000000042300000142000002584481    4                       1         
G0793003000026716    2019022620190228826800000004230105320190306001085028077400100000000042300000142000002594481    4                       1         
G0793003000026716    2019022620190228826800000004230105320190306000821028057600100000000042300000142000002604481    4                       1         
G0793003000026716    2019022620190228826800000004230105320190306000172028009800100000000042300000142000002614481    4                       1         
G0793003000026716    2019022620190228826800000004230105320190306000134028007300100000000042300000142000002624481    4                       1         
G0793003000026716    2019022620190228826800000013523105320190306000942028066600100000000135230000142000002634481    4                       1         
G0793003000026716    2019022620190228826200000004245105320190304000538002627200100000000042450000142000002641116    4                       1         
G0793003000026716    2019022620190228826200000011037105320190304000010002599100100000000110370000142000002651116    4                       1         
G0793003000026716    2019022620190228826000000004230105320190306000147045012300100000000042300000142000002661829    4                       1         
G0793003000026716    2019022620190228826500000004230105320190306000680045057000100000000042300000142000002671829    4                       1         
G0793003000026716    2019022620190228826600000007135105320190306000003045000300100000000071350000142000002681829    4                       1         
G0793003000026716    2019022620190228826500000004230105320190306000072045005900100000000042300000142000002691829    4                       1         
G0793003000026716    2019022620190228826200000004230105320190306000193045016600100000000042300000142000002701829    4                       1         
G0793003000026716    2019022620190228826600000004230105320190306000145045012100100000000042300000142000002711829    4                       1         
G0793003000026716    2019022620190228826200000004230105320190306000314045026700100000000042300000142000002721829    4                       1         
G0793003000026716    2019022620190228826400000004230105320190306000095045008000100000000042300000142000002731829    4                       1         
G0793003000026716    2019022620190228826700000004230105320190306000278045023800100000000042300000142000002741829    4                       1         
G0793003000026716    2019022620190228826100000004811105320190306000004045000400100000000048110000142000002751829    4                       1         
G0793003000026716    2019022620190228826900000004230105320190306000150045012500100000000042300000142000002761829    4                       1         
G0793003000026716    2019022620190228826800000007135105320190306000392045032700100000000071350000142000002771829    4                       1         
G0793003000026716    2019022620190228826700000004439105320190221000482014308100100000000044390000142000002783089    4                       1         
G0793003000026716    2019022620190228826900000005554105320190221000783014333500100000000055540000142000002793089    4                       1         
G0793003000026716    2019022620190228826200000007250105320190121000154014190700100000000072500000142000002803089    4                       1         
G0793003000026716    2019022620190228826200000004200105320190121000556014226700100000000042000000142000002813089    4                       1         
G0793003000026716    2019022620190228826300000004390105320190221000663014323700100000000043900000142000002823089    4                       1         
G0793003000026716    2019022620190228826400000001399105320190221000821014336700100000000013990000142000002833089    4                       1         
G0793003000026716    2019022620190228826300000005592105320190221000694014326400100000000055920000142000002843089    4                       1         
G0793003000026716    2019022620190228826000000004839105320190306004210006888400100000000048390000142000002853863    4                       1         
G0793003000026716    2019022620190228826800000004816105320190306003300006880400100000000048160000142000002863863    4                       1         
G0793003000026716    2019022620190228826600000004200105320190121000691014239100100000000042000000142000002873089    4                       1         
G0793003000026716    2019022620190228826200000004308105320190225070202020294300100000000043080000142000002881829    4                       1         
G0793003000026716    2019022620190228826800000004200105320190121000784014246900100000000042000000142000002893089    4                       1         
G0793003000026716    2019022620190228826800000004230105320190306000878028061900100000000042300000142000002904481    4                       1         
G0793003000026716    2019022620190228826600000004050105320190124070260020271000100000000040500000142000002911829    4                       1         
G0793003000026716    2019022620190228826700000018850105320190124070058020258200100000000188500000142000002921829    4                       1         
G0793003000026716    2019022620190228826800000004241105320190215000391022107600100000000042410000142000002933738    4                       1         
G0793003000026716    2019022620190228826000000004290105320190301001448000803000100000000042900000142000002941141    4                       1         
G0793003000026716    2019022620190228826000000004290105320190301001034000775200100000000042900000142000002951141    4                       1         
G0793003000026716    2019022620190228826000000004290105320190301000043000700700100000000042900000142000002961141    4                       1         
G0793003000026716    2019022620190228826000000004290105320190301000040000700400100000000042900000142000002971141    4                       1         
G0793003000026716    2019022620190228826000000004288105320190301001666000817600100000000042880000142000002981141    4                       1         
G0793003000026716    2019022620190228826000000004275105320190301000037000700100100000000042750000142000002991141    4                       1         
G0793003000026716    2019022620190228826000000004200105320190201000759000589700100000000042000000142000003001141    4                       1         
G0793003000026716    2019022620190228826800000004800105320190301000631000861600100000000048000000142000003011141    4                       1         
G0793003000026716    2019022620190228826800000004400105320190201000217000545200100000000044000000142000003021141    4                       1         
G0793003000026716    2019022620190228826800000004382105320190301001880000832500100000000043820000142000003031141    4                       1         
G0793003000026716    2019022620190228826800000004350105320190201001817000665000100000000043500000142000003041141    4                       1         
G0793003000026716    2019022620190228826800000004288105320190301000665000747600100000000042880000142000003051141    4                       1         
G0793003000026716    2019022620190228826800000004200105320190201001583000647800100000000042000000142000003061141    4                       1         
G0793003000026716    2019022620190228826800000010850105320190201000339000555300100000000108500000142000003071141    4                       1         
G0793003000026716    2019022620190228826800000008600105320190201001175000620900100000000086000000142000003081141    4                       1         
G0793003000026716    2019022620190228826400000004260105320190215000594022125300100000000042600000142000003093738    4                       1         
G0793003000026716    2019022620190228826100000004317105320190225070209020294900100000000043170000142000003101829    4                       1         
G0793003000026716    2019022620190228826700000015300105320190201000705000585100100000000153000000142000003111141    4                       1         
G0793003000026716    2019022620190228826800000005300105320190201001019000609600100000000053000000142000003121141    4                       1         
G0793003000026716    2019022620190228826000000002759105320190301001266000791500100000000027590000142000003131141    4                       1         
G0793003000026716    2019022620190228826500000001439105320190225070039020284100100000000014390000142000003141829    4                       1         
G0793003000026716    2019022620190228826100000004352105320190215000130022083900100000000043520000142000003153738    4                       1         
G0793003000026716    2019022620190228826500000004316105320190225070223020295800100000000043160000142000003161829    4                       1         
G0793003000026716    2019022620190228826000000013000105320190124070126020262600100000000130000000142000003171829    4                       1         
G0793003000026716    2019022620190228826800000004380105320190225070260020297800100000000043800000142000003181829    4                       1         
G0793003000026716    2019022620190228826000000004750105320190124070413020282100100000000047500000142000003191829    4                       1         
G0793003000026716    2019022620190228826100000004260105320190215000706022134600100000000042600000142000003203738    4                       1         
G0793003000026716    2019022620190228826500000004260105320190215000385022107000100000000042600000142000003213738    4                       1         
G0793003000026716    2019022620190228826000000004260105320190215000586022124500100000000042600000142000003223738    4                       1         
G0793003000026716    2019022620190228826600000004260105320190215000788022140500100000000042600000142000003233738    4                       1         
G0793003000026716    2019022620190228826600000004345105320190215000178022088100100000000043450000142000003243738    4                       1         
G0793003000026716    2019022620190228826700000012700105320190214000490010414700100000000127000000142000003251829    4                       1         
G0793003000026716    2019022620190228826600000004890105320190314000942010567500100000000048900000142000003261829    4                       1         
G0793003000026716    2019022620190228826600000004300105320190214001263010466800100000000043000000142000003271829    4                       1         
G0793003000026716    2019022620190228826300000004400105320190214001629010490400100000000044000000142000003281829    4                       1         
G0793003000026716    2019022620190228826300000004400105320190214000577010420800100000000044000000142000003291829    4                       1         
G0793003000026716    2019022620190228826400000004290105320190314000364010527800100000000042900000142000003301829    4                       1         
G0793003000026716    2019022620190228826200000008400105320190214000725010432300100000000084000000142000003311829    4                       1         
G0793003000026716    2019022620190228826700000005550105320190214000595010422200100000000055500000142000003321829    4                       1         
G0793003000026716    2019022620190228826700000005450105320190214001464010480000100000000054500000142000003331829    4                       1         
G0793003000026716    2019022620190228826700000004800105320190114001603010366100100000000048000000142000003341829    4                       1         
G0793003000026716    2019022620190228826700000004283105320190314000647010546900100000000042830000142000003351829    4                       1         
G0793003000026716    2019022620190228826300000004900105320190214001123010457700100000000049000000142000003361829    4                       1         
G0793003000026716    2019022620190228826500000008000105320190214001087010455900100000000080000000142000003371829    4                       1         
G0793003000026716    2019022620190228826500000006850105320190214000280010401300100000000068500000142000003381829    4                       1         
G0793003000026716    2019022620190228826100000006650105320190214001427010477600100000000066500000142000003391829    4                       1         
G0793003000026716    2019022620190228826100000004290105320190314000108010510000100000000042900000142000003401829    4                       1         
G0793003000026716    2019022620190228826100000004200105320190314000490010619700100000000042000000142000003411829    4                       1         
G0793003000026716    2019022620190228826500000004300105320190214001633010490500100000000043000000142000003421829    4                       1         
G0793003000026716    2019022620190228826500000004300105320190214000855010443100100000000043000000142000003431829    4                       1         
G0793003000026716    2019022620190228826900000004300105320190214001676010493100100000000043000000142000003441829    4                       1         
G0793003000026716    2019022620190228826900000004300105320190214000426010410800100000000043000000142000003451829    4                       1         
G0793003000026716    2019022620190228826000000008500105320190214001564010485700100000000085000000142000003461829    4                       1         
G0793003000026716    2019022620190228826000000004400105320190214001504010482500100000000044000000142000003471829    4                       1         
G0793003000026716    2019022620190228826000000006250105320190214000929010447000100000000062500000142000003481829    4                       1         
G0793003000026716    2019022620190228826800000003300105320190205005941006845900100000000033000000142000003493863    4                       1         
G0793003000026716    2019022620190228826700000023200105320190205000310006782400100000000232000000142000003503863    4                       1         
G0793003000026716    2019022620190228826000000003439105320190306005595006905700100000000034390000142000003513863    4                       1         
G0793003000026716    2019022620190228826000000003200105320190205002020006797800100000000032000000142000003523863    4                       1         
G0793003000026716    2019022620190228826400000005422105320190215000046018064600100000000054220000142000003531141    4                       1         
G0793003000026716    2019022620190228826200000004348105320190215000392018092700100000000043480000142000003541141    4                       1         
G0793003000026716    2019022620190228826300000004260105320190215000631018113200100000000042600000142000003551141    4                       1         
G0793003000026716    2019022620190228826000000004365105320190215000564018107000100000000043650000142000003561141    4                       1         
G0793003000026716    2019022620190228826700000004200105320190115000387018031900100000000042000000142000003571141    4                       1         
G0793003000026716    2019022620190228826400000004260105320190215000387018092200100000000042600000142000003581141    4                       1         
G0793003000026716    2019022620190228826300000004200105320190115000096018008200100000000042000000142000003591141    4                       1         
G0793003000026716    2019022620190228826500000004386105320190215000028018063100100000000043860000142000003601141    4                       1         
G0793003000026716    2019022620190228826100000004260105320190215000096018068900100000000042600000142000003611141    4                       1         
G0793003000026716    2019022620190228826900000010850105320190306000298028017500100000000108500000142000003624481    4                       1         
G0793003000026716    2019022620190228826600000010107105320190306000285028017000100000000101070000142000003634481    4                       1         
G0793003000026716    2019022620190228826600000004230105320190306001055028074900100000000042300000142000003644481    4                       1         
G0793003000026716    2019022620190228826600000004230105320190306000745028050700100000000042300000142000003654481    4                       1         
G0793003000026716    2019022620190228826200000004230105320190306000633028041300100000000042300000142000003664481    4                       1         
G0793003000026716    2019022620190228826200000004230105320190306000546028034500100000000042300000142000003674481    4                       1         
G0793003000026716    2019022620190228826200000004230105320190306000444028026200100000000042300000142000003684481    4                       1         
G0793003000026716    2019022620190228826200000004230105320190306000461028027500100000000042300000142000003694481    4                       1         
G0793003000026716    2019022620190228826200000004230105320190306000447028026500100000000042300000142000003704481    4                       1         
G0793003000026716    2019022620190228826500000004230105320190306000468028028000100000000042300000142000003714481    4                       1         
G0793003000026716    2019022620190228826500000004230105320190306000453028026900100000000042300000142000003724481    4                       1         
G0793003000026716    2019022620190228826300000004230105320190306000935028066000100000000042300000142000003734481    4                       1         
G0793003000026716    2019022620190228826300000004230105320190306000905028063900100000000042300000142000003744481    4                       1         
G0793003000026716    2019022620190228826700000005973105320190306000422028025200100000000059730000142000003754481    4                       1         
G0793003000026716    2019022620190228826300000004230105320190306000729028049100100000000042300000142000003764481    4                       1         
G0793003000026716    2019022620190228826300000004230105320190306000578028036900100000000042300000142000003774481    4                       1         
G0793003000026716    2019022620190228826300000004230105320190306000381028022100100000000042300000142000003784481    4                       1         
G0793003000026716    2019022620190228826000000009850105320190204060972002636400100000000098500000142000003792458    4                       1         
G0793003000026716    2019022620190228826600000010850105320190215000420022109800100000000108500000142000003802458    4                       1         
G0793003000026716    2019022620190228826400000010850105320190115000420022037800100000000108500000142000003812458    4                       1         
G0793003000026716    2019022620190228826200000009688105320190304060972002739900100000000096880000142000003822458    4                       1         
G0793003000026716    2019022620190228826400000004811105320190306000202028011400100000000048110000142000003834481    4                       1         
G0793003000026716    2019022620190228826300000004230105320190306000274028016000100000000042300000142000003844481    4                       1         
G0793003000026716    2019022620190228826400000004230105320190306000869028061200100000000042300000142000003854481    4                       1         
G0793003000026716    2019022620190228826400000004230105320190306000685028045800100000000042300000142000003864481    4                       1         
G0793003000026716    2019022620190228826400000004230105320190306000212028012400100000000042300000142000003874481    4                       1         
G0793003000026716    2019022620190228826700000004230105320190306000804028056300100000000042300000142000003884481    4                       1         
G0793003000026716    2019022620190228826700000004230105320190306000477028028800100000000042300000142000003894481    4                       1         
G0793003000026716    2019022620190228826500000010850105320190306000544028034300100000000108500000142000003904481    4                       1         
G0793003000026716    2019022620190228826100000004230105320190306000784028054400100000000042300000142000003914481    4                       1         
G0793003000026716    2019022620190228826000000005973105320190306000656028043300100000000059730000142000003924481    4                       1         
G0793003000026716    2019022620190228826000000004230105320190306001033028073600100000000042300000142000003934481    4                       1         
G0793003000026716    2019022620190228826800000004230105320190306000303028017900100000000042300000142000003944481    4                       1         
G0793003000026716    2019022620190228826600000004267105320190304070373035808700100000000042670000142000003951829    4                       1         
G0793003000026716    2019022620190228826900000004400105320190204070373035731600100000000044000000142000003961829    4                       1         
G0793003000026716    2019022620190228826200000003850105320181206001030095613500100000000038500000142000003974481    4                       1         
G0793003000026716    2019022620190228826400000003850105320181206000400095551800100000000038500000142000003984481    4                       1         
G0793003000026716    2019022620190228826700000004350105320190201000806000593600100000000043500000142000003991141    4                       1         
G0793003000026716    2019022620190228826700000004290105320190301001116000781000100000000042900000142000004001141    4                       1         
G0793003000026716    2019022620190228826700000004290105320190301001041000775400100000000042900000142000004011141    4                       1         
G0793003000026716    2019022620190228826700000004282105320190301001502000806600100000000042820000142000004021141    4                       1         
G0793003000026716    2019022620190228826700000004276105320190301000596000742800100000000042760000142000004031141    4                       1         
G0793003000026716    2019022620190228826300000030600105320190201001295000628700100000000306000000142000004041141    4                       1         
G0793003000026716    2019022620190228826300000007153105320190301000309000719900100000000071530000142000004051141    4                       1         
G0793003000026716    2019022620190228826300000005050105320190201001328000630900100000000050500000142000004061141    4                       1         
G0793003000026716    2019022620190228826600000004200105320190201001100000615500100000000042000000142000004071141    4                       1         
G0793003000026716    2019022620190228826600000004200105320190103001237000454000100000000042000000142000004081141    4                       1         
G0793003000026716    2019022620190228826500000008480105320190301000274000717100100000000084800000142000004091141    4                       1         
G0793003000026716    2019022620190228826500000005450105320190201001820000665200100000000054500000142000004101141    4                       1         
G0793003000026716    2019022620190228826100000031725105320190301000228000713200100000000317250000142000004111141    4                       1         
G0793003000026716    2019022620190228826100000010300105320190201001730000658400100000000103000000142000004121141    4                       1         
G0793003000026716    2019022620190228826100000006034105320190301000975000771300100000000060340000142000004131141    4                       1         
G0793003000026716    2019022620190228826100000004870105320190301000685000748900100000000048700000142000004141141    4                       1         
G0793003000026716    2019022620190228826100000004379105320190301002207000855900100000000043790000142000004151141    4                       1         
G0793003000026716    2019022620190228826100000004300105320190201001365000633600100000000043000000142000004161141    4                       1         
G0793003000026716    2019022620190228826100000004279105320190301001497000806500100000000042790000142000004171141    4                       1         
G0793003000026716    2019022620190228826100000004266105320190301001086000778800100000000042660000142000004181141    4                       1         
G0793003000026716    2019022620190228826500000005386105320190301001860000831100100000000053860000142000004191141    4                       1         
G0793003000026716    2019022620190228826500000004440105320190301000432000729700100000000044400000142000004201141    4                       1         
G0793003000026716    2019022620190228826500000004400105320190201001497000642400100000000044000000142000004211141    4                       1         
G0793003000026716    2019022620190228826500000004300105320190201001630000651700100000000043000000142000004221141    4                       1         
G0793003000026716    2019022620190228826500000004290105320190301001275000791800100000000042900000142000004231141    4                       1         
G0793003000026716    2019022620190228826500000004290105320190301000422000728900100000000042900000142000004241141    4                       1         
G0793003000026716    2019022620190228826500000004290105320190301000112000705500100000000042900000142000004251141    4                       1         
G0793003000026716    2019022620190228826500000004285105320190301002030000843300100000000042850000142000004261141    4                       1         
G0793003000026716    2019022620190228826900000004376105320190301000612000744100100000000043760000142000004271141    4                       1         
G0793003000026716    2019022620190228826900000004350105320190201000843000596600100000000043500000142000004281141    4                       1         
G0793003000026716    2019022620190228826900000004350105320190201000632000579900100000000043500000142000004291141    4                       1         
G0793003000026716    2019022620190228826900000004290105320190301001428000801800100000000042900000142000004301141    4                       1         
G0793003000026716    2019022620190228826900000004290105320190301001236000789700100000000042900000142000004311141    4                       1         
G0793003000026716    2019022620190228826900000004290105320190301000581000741700100000000042900000142000004321141    4                       1         
G0793003000026716    2019022620190228826900000004290105320190301000561000740000100000000042900000142000004331141    4                       1         
G0793003000026716    2019022620190228826900000004288105320190301001225000789100100000000042880000142000004341141    4                       1         
G0793003000026716    2019022620190228826000000012600105320190201002171000690300100000000126000000142000004351141    4                       1         
G0793003000026716    2019022620190228826000000007950105320190201002195000692100100000000079500000142000004361141    4                       1         
G0793003000026716    2019022620190228826200000005400105320190115000045022003900100000000054000000142000004373738    4                       1         
G0793003000026716    2019022620190228826000000005400105320190215000045022076100100000000054000000142000004383738    4                       1         
G0793003000026716    2019022620190228826500000008250105320190205000290006782200100000000082500000142000004390793    4                       1         
G0793003000026716    2019022620190228826000000004230105320190306000245045021300100000000042300000142000004401829    4                       1         
G0793003000026716    2019022620190228826600000008460105320190225000086024008200100000000084600000142000004411737    4                       1         
G0793003000026716    2019022620190228826600000004230105320190225000537024052100100000000042300000142000004421737    4                       1         
G0793003000026716    2019022620190228826600000004230105320190225000528024051200100000000042300000142000004431737    4                       1         
G0793003000026716    2019022620190228826400000004811105320190225000195024018800100000000048110000142000004441737    4                       1         
G0793003000026716    2019022620190228826300000004230105320190225000722024069500100000000042300000142000004451737    4                       1         
G0793003000026716    2019022620190228826400000004230105320190225000253024024500100000000042300000142000004461737    4                       1         
G0793003000026716    2019022620190228826700000005973105320190225000410024039900100000000059730000142000004471737    4                       1         
G0793003000026716    2019022620190228826300000005973105320190225000210024020300100000000059730000142000004481737    4                       1         
G0793003000026716    2019022620190228826500000005392105320190225000178024017100100000000053920000142000004491737    4                       1         
G0793003000026716    2019022620190228826000000007040105320190301000829000760400100000000070400000142000004501141    4                       1         
G0793003000026716    2019022620190228826000000001396105320190301001405000800600100000000013960000142000004511141    4                       1         
G0793003000026716    2019022620190228826900000011174105320190301001167000784900100000000111740000142000004521141    4                       1         
G0793003000026716    2019022620190228826600000008600105320190201000522000570600100000000086000000142000004531141    4                       1         
G0793003000026716    2019022620190228826600000005500105320190201001619000650700100000000055000000142000004541141    4                       1         
G0793003000026716    2019022620190228826600000004406105320190301000759000754900100000000044060000142000004551141    4                       1         
G0793003000026716    2019022620190228826600000004389105320190301001464000804200100000000043890000142000004561141    4                       1         
G0793003000026716    2019022620190228826900000005804105320190301000306000719600100000000058040000142000004571141    4                       1         
G0793003000026716    2019022620190228826900000005652105320190301000939000768500100000000056520000142000004581141    4                       1         
G0793003000026716    2019022620190228826900000005591105320190301000766000755400100000000055910000142000004591141    4                       1         
G0793003000026716    2019022620190228826600000004323105320190301000217000712300100000000043230000142000004601141    4                       1         
G0793003000026716    2019022620190228826600000004300105320190201001666000653900100000000043000000142000004611141    4                       1         
G0793003000026716    2019022620190228826600000004300105320190201001298000628800100000000043000000142000004621141    4                       1         
G0793003000026716    2019022620190228826600000004300105320190201000336000555000100000000043000000142000004631141    4                       1         
G0793003000026716    2019022620190228826600000004290105320190301001166000784800100000000042900000142000004641141    4                       1         
G0793003000026716    2019022620190228826200000006700105320190201002093000684400100000000067000000142000004651141    4                       1         
G0793003000026716    2019022620190228826200000004950105320190201000153000541200100000000049500000142000004661141    4                       1         
G0793003000026716    2019022620190228826200000004440105320190301002202000855400100000000044400000142000004671141    4                       1         
G0793003000026716    2019022620190228826200000004390105320190301001528000808700100000000043900000142000004681141    4                       1         
G0793003000026716    2019022620190228826200000004290105320190301000427000729300100000000042900000142000004691141    4                       1         
G0793003000026716    2019022620190228826200000004290105320190301000182000710100100000000042900000142000004701141    4                       1         
G0793003000026716    2019022620190228826200000004200105320190201000666000582100100000000042000000142000004711141    4                       1         
G0793003000026716    2019022620190228826400000011150105320190103000339000384500100000000111500000142000004721141    4                       1         
G0793003000026716    2019022620190228826300000004390105320190301000263000716300100000000043900000142000004731141    4                       1         
G0793003000026716    2019022620190228826300000004290105320190301000647000746400100000000042900000142000004741141    4                       1         
G0793003000026716    2019022620190228826300000004290105320190301000042000700600100000000042900000142000004751141    4                       1         
G0793003000026716    2019022620190228826300000004275105320190301000447000730800100000000042750000142000004761141    4                       1         
G0793003000026716    2019022620190228826300000004270105320190301000508000735600100000000042700000142000004771141    4                       1         
G0793003000026716    2019022620190228826300000004262105320190301000933000767900100000000042620000142000004781141    4                       1         
G0793003000026716    2019022620190228826300000004261105320190301001403000800400100000000042610000142000004791141    4                       1         
G0793003000026716    2019022620190228826000000005650105320190201001338000631600100000000056500000142000004801141    4                       1         
G0793003000026716    2019022620190228826000000005443105320190301001580000811500100000000054430000142000004811141    4                       1         
G0793003000026716    2019022620190228826000000004447105320190301002108000848400100000000044470000142000004821141    4                       1         
G0793003000026716    2019022620190228826400000006050105320190201000729000587300100000000060500000142000004831141    4                       1         
G0793003000026716    2019022620190228826400000006033105320190301000490000734300100000000060330000142000004841141    4                       1         
G0793003000026716    2019022620190228826400000004300105320190201001237000625300100000000043000000142000004851141    4                       1         
G0793003000026716    2019022620190228826400000004300105320190201000042000533200100000000043000000142000004861141    4                       1         
G0793003000026716    2019022620190228826400000004290105320190301000601000743200100000000042900000142000004871141    4                       1         
G0793003000026716    2019022620190228826400000004285105320190301000668000747800100000000042850000142000004881141    4                       1         
G0793003000026716    2019022620190228826200000026050105320190201000228000546100100000000260500000142000004891141    4                       1         
G0793003000026716    2019022620190228826400000004263105320190301001899000833800100000000042630000142000004901141    4                       1         
G0793003000026716    2019022620190228826700000006839105320190301001170000785100100000000068390000142000004911141    4                       1         
G0793003000026716    2019022620190228826700000006550105320190201000155000696900100000000065500000142000004921141    4                       1         
G0793003000026716    2019022620190228826700000004400105320190201000898000600600100000000044000000142000004931141    4                       1         
G0793003000026716    2019022620190228826700000004356105320190301000597000742900100000000043560000142000004941141    4                       1         
G0793003000026716    2019022620190228826700000004350105320190201001366000633700100000000043500000142000004951141    4                       1         
Z00049700000000002561971                                                                                                                              
