A2201053              HIDROFORTETOCANTINS 104CAIXA ECON. FEDERAL 2019022800156203                                                                     
G0793003000026716    2019022720190301826700000004050105300100000070199020267200000000000040500000142000000013458    4                       1         
G0793003000026716    2019022720190301826300000004167105300100000070783081813500000000000041670000142000000023939    4                       1         
G0793003000026716    2019022720190301826300000004150105300100000071737081902800000000000041500000142000000033939    4                       1         
G0793003000026716    2019022720190301826300000004230105300100000071682081897600000000000042300000142000000041829    4                       1         
G0793003000026716    2019022720190301826800000051167105300100000071654081895100000000000511670000142000000051829    4                       1         
G0793003000026716    2019022720190301826100000004650105300100000061330002665900000000000046500000142000000063089    4                       1         
G0793003000026716    2019022720190301826300000005800105300100000061234002551800000000000058000000142000000073089    4                       1         
G0793003000026716    2019022720190301826300000001347105300100000070385081775400000000000013470000142000000083939    4                       1         
G0793003000026716    2019022720190301826800000013950105300100000070311020275400000000000139500000142000000091829    4                       1         
G0793003000026716    2019022720190301826300000001313105300100000070462081782700000000000013130000142000000103939    4                       1         
G0793003000026716    2019022720190301826300000004193105300100000070719081807300000000000041930000142000000113939    4                       1         
G0793003000026716    2019022720190301826200000010601105300100000071452081876700000000000106010000142000000123939    4                       1         
G0793003000026716    2019022720190301826200000005574105300100000071072081840500000000000055740000142000000133939    4                       1         
G0793003000026716    2019022720190301826000000004168105300100000071496081880800000000000041680000142000000143939    4                       1         
G0793003000026716    2019022720190301826500000001336105300100000070251081762700000000000013360000142000000153939    4                       1         
G0793003000026716    2019022720190301826500000001300105300100000070998081659500000000000013000000142000000163939    4                       1         
G0793003000026716    2019022720190301826300000004200105300100000071357081694400000000000042000000142000000173939    4                       1         
G0793003000026716    2019022720190301826400000004680105300100000071486081879800000000000046800000142000000183939    4                       1         
G0793003000026716    2019022720190301826300000004200105300100000071901081745400000000000042000000142000000193939    4                       1         
G0793003000026716    2019022720190301826600000001352105300100000070907081824800000000000013520000142000000203939    4                       1         
G0793003000026716    2019022720190301826500000004250105300100000070328081596100000000000042500000142000000213939    4                       1         
G0793003000026716    2019022720190301826500000004200105300100000071427081527700000000000042000000142000000223939    4                       1         
G0793003000026716    2019022720190301826100000001314105300100000070491081785400000000000013140000142000000233939    4                       1         
G0793003000026716    2019022720190301826000000053580105300100000071334081865900000000000535800000142000000243939    4                       1         
G0793003000026716    2019022720190301826600000004173105300100000071959081924100000000000041730000142000000253939    4                       1         
G0793003000026716    2019022720190301826500000004200105300100000071332081691900000000000042000000142000000263939    4                       1         
G0793003000026716    2019022720190301826500000004147105300100000071176081850500000000000041470000142000000273939    4                       1         
G0793003000026716    2019022720190301826600000004100105300100000070366081599600000000000041000000142000000283939    4                       1         
G0793003000026716    2019022720190301826000000006392105300100000071100081843200000000000063920000142000000293939    4                       1         
G0793003000026716    2019022720190301826000000006384105300100000071686081898000000000000063840000142000000303939    4                       1         
G0793003000026716    2019022720190301826000000004130105300100000071351081867600000000000041300000142000000313939    4                       1         
G0793003000026716    2019022720190301826500000001294105300100000071618081891700000000000012940000142000000323939    4                       1         
G0793003000026716    2019022720190301826500000004130105300100000071882081916800000000000041300000142000000333939    4                       1         
G0793003000026716    2019022720190301826500000001344105300100000070542081790000000000000013440000142000000343939    4                       1         
G0793003000026716    2019022720190301826000000004218105300100000071729081902000000000000042180000142000000353939    4                       1         
G0793003000026716    2019022720190301826000000004144105300100000071850081913800000000000041440000142000000363939    4                       1         
G0793003000026716    2019022720190301826600000001300105300100000070530081614900000000000013000000142000000373939    4                       1         
G0793003000026716    2019022720190301826000000004122105300100000071899081918500000000000041220000142000000383939    4                       1         
G0793003000026716    2019022720190301826600000001298105300100000071147081847700000000000012980000142000000393939    4                       1         
G0793003000026716    2019022720190301826600000001250105300100000070379081600900000000000012500000142000000403939    4                       1         
G0793003000026716    2019022720190301826400000010750105300100000071458081703700000000000107500000142000000413939    4                       1         
G0793003000026716    2019022720190301826500000004450105300100000071340081692700000000000044500000142000000423939    4                       1         
G0793003000026716    2019022720190301826400000005200105300100000070749081636200000000000052000000142000000433939    4                       1         
G0793003000026716    2019022720190301826400000004200105300100000071748081730500000000000042000000142000000443939    4                       1         
G0793003000026716    2019022720190301826400000004200105300100000070567081618400000000000042000000142000000453939    4                       1         
G0793003000026716    2019022720190301826400000004158105300100000071962081924400000000000041580000142000000463939    4                       1         
G0793003000026716    2019022720190301826400000004158105300100000070920081826000000000000041580000142000000473939    4                       1         
G0793003000026716    2019022720190301826700000001250105300100000070403035580400000000000012500000142000000481829    4                       1         
G0793003000026716    2019022720190301826400000004150105300100000070585081794100000000000041500000142000000493939    4                       1         
G0793003000026716    2019022720190301826800000004144105300100000070696081805000000000000041440000142000000503939    4                       1         
G0793003000026716    2019022720190301826700000004130105300100000071086081841900000000000041300000142000000513939    4                       1         
G0793003000026716    2019022720190301826800000004130105300100000070354081772400000000000041300000142000000523939    4                       1         
G0793003000026716    2019022720190301826800000004104105300100000071983081925600000000000041040000142000000533939    4                       1         
G0793003000026716    2019022720190301826400000004130105300100000071625081892400000000000041300000142000000543939    4                       1         
G0793003000026716    2019022720190301826400000001322105300100000070569081792600000000000013220000142000000553939    4                       1         
G0793003000026716    2019022720190301826400000001295105300100000070965081830000000000000012950000142000000563939    4                       1         
G0793003000026716    2019022720190301826300000014200105300100000071230081681700000000000142000000142000000573939    4                       1         
G0793003000026716    2019022720190301826800000003173105300100000070394081776300000000000031730000142000000583939    4                       1         
G0793003000026716    2019022720190301826800000001322105300100000070993081832800000000000013220000142000000593939    4                       1         
G0793003000026716    2019022720190301826800000001314105300100000070392081776100000000000013140000142000000603939    4                       1         
G0793003000026716    2019022720190301826800000001280105300100000070781081813300000000000012800000142000000613939    4                       1         
G0793003000026716    2019022720190301826700000001302105300100000070970081830500000000000013020000142000000623939    4                       1         
G0793003000026716    2019022720190301826700000001300105300100000071751081730800000000000013000000142000000633939    4                       1         
G0793003000026716    2019022720190301826700000001250105300100000071155081674800000000000012500000142000000643939    4                       1         
G0793003000026716    2019022720190301826600000005825105300100000071869081915500000000000058250000142000000653939    4                       1         
G0793003000026716    2019022720190301826600000004800105300100000070346081597600000000000048000000142000000663939    4                       1         
G0793003000026716    2019022720190301826700000004130105300100000070710081806400000000000041300000142000000673939    4                       1         
G0793003000026716    2019022720190301826700000004100105300100000070550081616800000000000041000000142000000683939    4                       1         
G0793003000026716    2019022720190301826700000001350105300100000070490081611400000000000013500000142000000693939    4                       1         
G0793003000026716    2019022720190301826700000001322105300100000070935081827300000000000013220000142000000703939    4                       1         
G0793003000026716    2019022720190301826900000004250105300100000070498081612100000000000042500000142000000713939    4                       1         
G0793003000026716    2019022720190301826900000004250105300100000070450081607700000000000042500000142000000723939    4                       1         
G0793003000026716    2019022720190301826900000004221105300100000070550081790800000000000042210000142000000733939    4                       1         
G0793003000026716    2019022720190301826900000004166105300100000071508081881700000000000041660000142000000743939    4                       1         
G0793003000026716    2019022720190301826900000004164105300100000071671081896500000000000041640000142000000753939    4                       1         
G0793003000026716    2019022720190301826900000004130105300100000070603081795900000000000041300000142000000763939    4                       1         
G0793003000026716    2019022720190301826900000004122105300100000071893081917900000000000041220000142000000773939    4                       1         
G0793003000026716    2019022720190301826900000004100105300100000071427081701000000000000041000000142000000783939    4                       1         
G0793003000026716    2019022720190301826900000003500105300100000071046081664200000000000035000000142000000793939    4                       1         
G0793003000026716    2019022720190301826900000002400105300100000070091081585900000000000024000000142000000803939    4                       1         
G0793003000026716    2019022720190301826900000001350105300100000070357081598700000000000013500000142000000813939    4                       1         
G0793003000026716    2019022720190301826900000001268105300100000071866081915200000000000012680000142000000823939    4                       1         
G0793003000026716    2019022720190301826800000006494105300100000071622081892100000000000064940000142000000833939    4                       1         
G0793003000026716    2019022720190301826600000004320105300100000071182081851000000000000043200000142000000843939    4                       1         
G0793003000026716    2019022720190301826600000004316105300100000071743081903300000000000043160000142000000853939    4                       1         
G0793003000026716    2019022720190301826100000004166105300100000071815081910300000000000041660000142000000863939    4                       1         
G0793003000026716    2019022720190301826100000004156105300100000071677081897100000000000041560000142000000873939    4                       1         
G0793003000026716    2019022720190301826800000007250105300100000060701002611800000000000072500000142000000883738    4                       1         
G0793003000026716    2019022720190301826600000003850105300100000060824002623000000000000038500000142000000893738    4                       1         
G0793003000026716    2019022720190301826200000005250105300100000060625002604900000000000052500000142000000903738    4                       1         
G0793003000026716    2019022720190301826900000007650105300100000061062002644200000000000076500000142000000913738    4                       1         
G0793003000026716    2019022720190301826100000012200105300100000061246002659400000000000122000000142000000923738    4                       1         
G0793003000026716    2019022720190301826700000005050105300100000060077002565300000000000050500000142000000933738    4                       1         
G0793003000026716    2019022720190301826500000004650105300100000061284002662200000000000046500000142000000943738    4                       1         
G0793003000026716    2019022720190301826300000011650105300100000061044002642800000000000116500000142000000953738    4                       1         
G0793003000026716    2019022720190301826800000001100105300100000060617002604200000000000011000000142000000963738    4                       1         
G0793003000026716    2019022720190301826100000004130105300100000071342081866700000000000041300000142000000973939    4                       1         
G0793003000026716    2019022720190301826100000004130105300100000070798081814900000000000041300000142000000983939    4                       1         
G0793003000026716    2019022720190301826200000004172105300100000070742081809500000000000041720000142000000993939    4                       1         
G0793003000026716    2019022720190301826200000004130105300100000071370081869300000000000041300000142000001003939    4                       1         
G0793003000026716    2019022720190301826200000004130105300100000071345081867000000000000041300000142000001013939    4                       1         
G0793003000026716    2019022720190301826200000001322105300100000071715081900700000000000013220000142000001023939    4                       1         
G0793003000026716    2019022720190301826000000001322105300100000071347081867200000000000013220000142000001033939    4                       1         
G0793003000026716    2019022720190301826700000004227105300100000071567081886800000000000042270000142000001043939    4                       1         
G0793003000026716    2019022720190301826700000004163105300100000071210081853600000000000041630000142000001053939    4                       1         
G0793003000026716    2019022720190301826700000004130105300100000071906081919200000000000041300000142000001063939    4                       1         
G0793003000026716    2019022720190301826700000004130105300100000071331081865600000000000041300000142000001073939    4                       1         
G0793003000026716    2019022720190301826400000003850105300100000060516002595900000000000038500000142000001083738    4                       1         
G0793003000026716    2019022720190301826400000003750105300100000060599002602500000000000037500000142000001093738    4                       1         
G0793003000026716    2019022720190301826700000003882105320190304060228002675900100000000038820000142000001103738    4                       1         
G0793003000026716    2019022720190301826000000001250105320190204070403035734000100000000012500000142000001111829    4                       1         
G0793003000026716    2019022720190301826400000005250105320190205005564006832900100000000052500000142000001123863    4                       1         
G0793003000026716    2019022720190301826000000003932105320190304060298002681600100000000039320000142000001133738    4                       1         
G0793003000026716    2019022720190301826400000004788105320190306002040006868900100000000047880000142000001143863    4                       1         
G0793003000026716    2019022720190301826600000003882105320190304060676002713500100000000038820000142000001153738    4                       1         
G0793003000026716    2019022720190301826600000003860105320190304061193002759200100000000038600000142000001163738    4                       1         
G0793003000026716    2019022720190301826100000004788105320190306001500006864500100000000047880000142000001173863    4                       1         
G0793003000026716    2019022720190301826500000005532105320190304060220002675400100000000055320000142000001183738    4                       1         
G0793003000026716    2019022720190301826100000004550105320190306005962006917300100000000045500000142000001193863    4                       1         
G0793003000026716    2019022720190301826300000003882105320190304060257002678200100000000038820000142000001203738    4                       1         
G0793003000026716    2019022720190301826400000003872105320190304060718002717500100000000038720000142000001213738    4                       1         
G0793003000026716    2019022720190301826400000007139105320190215000390018092500100000000071390000142000001221141    4                       1         
G0793003000026716    2019022720190301826500000004265105320190215000385018092000100000000042650000142000001231141    4                       1         
G0793003000026716    2019022720190301826200000003892105320190304060554002703100100000000038920000142000001243738    4                       1         
G0793003000026716    2019022720190301826200000003856105320190304060600002706800100000000038560000142000001253738    4                       1         
G0793003000026716    2019022720190301826200000001115105320190304060500002698900100000000011150000142000001263738    4                       1         
G0793003000026716    2019022720190301826500000005950105320190204070397035733400100000000059500000142000001271829    4                       1         
G0793003000026716    2019022720190301826100000003185105320190306001700006866400100000000031850000142000001283863    4                       1         
G0793003000026716    2019022720190301826100000003184105320190306003120006878600100000000031840000142000001293863    4                       1         
G0793003000026716    2019022720190301826900000003191105320190306000330006853800100000000031910000142000001303863    4                       1         
G0793003000026716    2019022720190301826600000003200105320190205005870006843900100000000032000000142000001313863    4                       1         
G0793003000026716    2019022720190301826500000006143105320190306004240006888600100000000061430000142000001323863    4                       1         
G0793003000026716    2019022720190301826300000003190105320190306002470006872800100000000031900000142000001333863    4                       1         
G0793003000026716    2019022720190301826800000003181105320190306002730006874800100000000031810000142000001343863    4                       1         
G0793003000026716    2019022720190301826400000003250105320190306005979006918400100000000032500000142000001353863    4                       1         
G0793003000026716    2019022720190301826700000009650105320190205002630006803300100000000096500000142000001363863    4                       1         
G0793003000026716    2019022720190301826300000004123105320190304070921035848500100000000041230000142000001371829    4                       1         
G0793003000026716    2019022720190301826900000004081105320190304070682035831600100000000040810000142000001381829    4                       1         
G0793003000026716    2019022720190301826700000003200105320190306005644006909100100000000032000000142000001393863    4                       1         
G0793003000026716    2019022720190301826700000003194105320190306005450006899700100000000031940000142000001403863    4                       1         
G0793003000026716    2019022720190301826900000004353105320190215000676018116900100000000043530000142000001411141    4                       1         
G0793003000026716    2019022720190301826000000001296105320190304070058035787900100000000012960000142000001421829    4                       1         
G0793003000026716    2019022720190301826100000004081105320190304070411035811600100000000040810000142000001431829    4                       1         
G0793003000026716    2019022720190301826000000003882105320190304060979002740400100000000038820000142000001443738    4                       1         
G0793003000026716    2019022720190301826500000007607105320190304070747035836600100000000076070000142000001451829    4                       1         
G0793003000026716    2019022720190301826500000003922105320190304061099002750700100000000039220000142000001463738    4                       1         
G0793003000026716    2019022720190301826800000003907105320190304061016002744000100000000039070000142000001473738    4                       1         
G0793003000026716    2019022720190301826100000003885105320190304060246002677400100000000038850000142000001483738    4                       1         
G0793003000026716    2019022720190301826500000003882105320190304061058002747400100000000038820000142000001493738    4                       1         
G0793003000026716    2019022720190301826900000013647105320190304061017002744100100000000136470000142000001503738    4                       1         
G0793003000026716    2019022720190301826100000001339105320190304071026035856000100000000013390000142000001511829    4                       1         
G0793003000026716    2019022720190301826100000001250105320190204070503035741900100000000012500000142000001521829    4                       1         
G0793003000026716    2019022720190301826000000003882105320190304060613002708000100000000038820000142000001533738    4                       1         
G0793003000026716    2019022720190301826000000003882105320190304060386002688900100000000038820000142000001543738    4                       1         
G0793003000026716    2019022720190301826000000003882105320190304060212002674700100000000038820000142000001553738    4                       1         
G0793003000026716    2019022720190301826800000004382105320190304060864002730600100000000043820000142000001563738    4                       1         
G0793003000026716    2019022720190301826000000001117105320190304060627002709200100000000011170000142000001573738    4                       1         
G0793003000026716    2019022720190301826300000004150105320190204070088035712000100000000041500000142000001581829    4                       1         
G0793003000026716    2019022720190301826000000003868105320190304061144002754800100000000038680000142000001593738    4                       1         
G0793003000026716    2019022720190301826000000005766105320190304070699035833000100000000057660000142000001601829    4                       1         
G0793003000026716    2019022720190301826500000004230105320190306000879028062000100000000042300000142000001614481    4                       1         
G0793003000026716    2019022720190301826000000004230105320190306000831028058400100000000042300000142000001624481    4                       1         
G0793003000026716    2019022720190301826400000006600105320190204070832035765700100000000066000000142000001631829    4                       1         
G0793003000026716    2019022720190301826400000005878105320190304060625002709100100000000058780000142000001643738    4                       1         
G0793003000026716    2019022720190301826000000004160105320190304070680035831400100000000041600000142000001651829    4                       1         
G0793003000026716    2019022720190301826000000004245105320190304070717035834500100000000042450000142000001661829    4                       1         
G0793003000026716    2019022720190301826100000004090105320190304070726035835200100000000040900000142000001671829    4                       1         
G0793003000026716    2019022720190301826100000004050105320190304070235035798500100000000040500000142000001681829    4                       1         
G0793003000026716    2019022720190301826900000008282105320190304070692035832400100000000082820000142000001691829    4                       1         
G0793003000026716    2019022720190301826700000004150105320190204070214035719300100000000041500000142000001701829    4                       1         
G0793003000026716    2019022720190301826700000004102105320190304070722035834900100000000041020000142000001711829    4                       1         
G0793003000026716    2019022720190301826700000004090105320190304070937035849800100000000040900000142000001721829    4                       1         
G0793003000026716    2019022720190301826200000001301105320190304070403035811100100000000013010000142000001731829    4                       1         
G0793003000026716    2019022720190301826900000004260105320190215000539022120200100000000042600000142000001743738    4                       1         
G0793003000026716    2019022720190301826800000001389105320190221000294014290700100000000013890000142000001753089    4                       1         
G0793003000026716    2019022720190301826200000004700105320190121000490014220700100000000047000000142000001763089    4                       1         
G0793003000026716    2019022720190301826000000004260105320190215000512022117900100000000042600000142000001773738    4                       1         
G0793003000026716    2019022720190301826600000008349105320190221000953014346800100000000083490000142000001783089    4                       1         
G0793003000026716    2019022720190301826300000004800105320190121000939014263000100000000048000000142000001793089    4                       1         
G0793003000026716    2019022720190301826300000004450105320190121000095014185400100000000044500000142000001803089    4                       1         
G0793003000026716    2019022720190301826100000008650105320190121000345014207500100000000086500000142000001813089    4                       1         
G0793003000026716    2019022720190301826100000008359105320190221000367014297400100000000083590000142000001823089    4                       1         
G0793003000026716    2019022720190301826100000008089105320190221000460014306000100000000080890000142000001833089    4                       1         
G0793003000026716    2019022720190301826100000007198105320190221000555014314300100000000071980000142000001843089    4                       1         
G0793003000026716    2019022720190301826100000006904105320190221000955014347000100000000069040000142000001853089    4                       1         
G0793003000026716    2019022720190301826100000006292105320190221000368014297500100000000062920000142000001863089    4                       1         
G0793003000026716    2019022720190301826100000005950105320190121000871014253900100000000059500000142000001873089    4                       1         
G0793003000026716    2019022720190301826100000004861105320190221000407014300700100000000048610000142000001883089    4                       1         
G0793003000026716    2019022720190301826600000006300105320190121000393014211900100000000063000000142000001893089    4                       1         
G0793003000026716    2019022720190301826600000005706105320190221000108014274000100000000057060000142000001903089    4                       1         
G0793003000026716    2019022720190301826600000004442105320190221000423014302300100000000044420000142000001913089    4                       1         
G0793003000026716    2019022720190301826100000004329105320190221000445014304500100000000043290000142000001923089    4                       1         
G0793003000026716    2019022720190301826900000011180105320190221000896014342200100000000111800000142000001933089    4                       1         
G0793003000026716    2019022720190301826900000010864105320190221000531014312300100000000108640000142000001943089    4                       1         
G0793003000026716    2019022720190301826900000006550105320190121000927014258100100000000065500000142000001953089    4                       1         
G0793003000026716    2019022720190301826700000005193105320190221000629014320600100000000051930000142000001963089    4                       1         
G0793003000026716    2019022720190301826200000004131105320190221000257014287300100000000041310000142000001973089    4                       1         
G0793003000026716    2019022720190301826100000017999105320190221000151014277900100000000179990000142000001983089    4                       1         
G0793003000026716    2019022720190301826700000004882105320190221000345014295300100000000048820000142000001993089    4                       1         
G0793003000026716    2019022720190301826700000004800105320190121000445014216500100000000048000000142000002003089    4                       1         
G0793003000026716    2019022720190301826000000001430105320190221000290014290300100000000014300000142000002013089    4                       1         
G0793003000026716    2019022720190301826700000004200105320190121000754014244400100000000042000000142000002023089    4                       1         
G0793003000026716    2019022720190301826700000004200105320181221000445014130400100000000042000000142000002033089    4                       1         
G0793003000026716    2019022720190301826900000004319105320190221000490014308700100000000043190000142000002043089    4                       1         
G0793003000026716    2019022720190301826900000004200105320190121000634014233700100000000042000000142000002053089    4                       1         
G0793003000026716    2019022720190301826800000007408105320190221000385014299000100000000074080000142000002063089    4                       1         
G0793003000026716    2019022720190301826400000001338105320190225070120020289000100000000013380000142000002071829    4                       1         
G0793003000026716    2019022720190301826300000004399105320190225070411020308300100000000043990000142000002081829    4                       1         
G0793003000026716    2019022720190301826600000004122105320190225070116020288900100000000041220000142000002091829    4                       1         
G0793003000026716    2019022720190301826500000005522105320190225070151020291200100000000055220000142000002101829    4                       1         
G0793003000026716    2019022720190301826400000006450105320190124070411020281900100000000064500000142000002111829    4                       1         
G0793003000026716    2019022720190301826300000004338105320190225070031020283900100000000043380000142000002121829    4                       1         
G0793003000026716    2019022720190301826200000011733105320190225070217020295400100000000117330000142000002131829    4                       1         
G0793003000026716    2019022720190301826700000001524105320190225070303020301200100000000015240000142000002141829    4                       1         
G0793003000026716    2019022720190301826900000003100105320190306005926006915100100000000031000000142000002153863    4                       1         
G0793003000026716    2019022720190301826100000003250105320190205002770006804400100000000032500000142000002163863    4                       1         
G0793003000026716    2019022720190301826900000006550105320190115000634018053100100000000065500000142000002171141    4                       1         
G0793003000026716    2019022720190301826400000008600105320190205003260006809500100000000086000000142000002183863    4                       1         
G0793003000026716    2019022720190301826400000006927105320190306001060006860500100000000069270000142000002193863    4                       1         
G0793003000026716    2019022720190301826500000004270105320190304000495002624600100000000042700000142000002201116    4                       1         
G0793003000026716    2019022720190301826200000004800105320190205004465006820300100000000048000000142000002213863    4                       1         
G0793003000026716    2019022720190301826400000004270105320190304000659002634200100000000042700000142000002221116    4                       1         
G0793003000026716    2019022720190301826100000010762105320190306004130006887600100000000107620000142000002233863    4                       1         
G0793003000026716    2019022720190301826500000004345105320190215000374018090900100000000043450000142000002241141    4                       1         
G0793003000026716    2019022720190301826800000005300105320190204000775002595400100000000053000000142000002251116    4                       1         
G0793003000026716    2019022720190301826800000004150105320190204000560002581800100000000041500000142000002261116    4                       1         
G0793003000026716    2019022720190301826000000004230105320190306000790028055000100000000042300000142000002274481    4                       1         
G0793003000026716    2019022720190301826000000004230105320190306000225028013300100000000042300000142000002284481    4                       1         
G0793003000026716    2019022720190301826600000004230105320190306000721028048400100000000042300000142000002294481    4                       1         
G0793003000026716    2019022720190301826500000004230105320190306000308028018300100000000042300000142000002304481    4                       1         
G0793003000026716    2019022720190301826400000007878105320190306000792028055200100000000078780000142000002314481    4                       1         
G0793003000026716    2019022720190301826400000005392105320190306000200028011200100000000053920000142000002324481    4                       1         
G0793003000026716    2019022720190301826300000004230105320190306001063028075500100000000042300000142000002334481    4                       1         
G0793003000026716    2019022720190301826300000004230105320190306000990028069900100000000042300000142000002344481    4                       1         
G0793003000026716    2019022720190301826300000004230105320190306000862028060600100000000042300000142000002354481    4                       1         
G0793003000026716    2019022720190301826900000004230105320190306000966028068200100000000042300000142000002364481    4                       1         
G0793003000026716    2019022720190301826300000004230105320190306000472028028300100000000042300000142000002374481    4                       1         
G0793003000026716    2019022720190301826300000004230105320190306000321028019000100000000042300000142000002384481    4                       1         
G0793003000026716    2019022720190301826300000004230105320190306000082028004300100000000042300000142000002394481    4                       1         
G0793003000026716    2019022720190301826200000010850105320190306000950028067300100000000108500000142000002404481    4                       1         
G0793003000026716    2019022720190301826400000004230105320190306000957028067500100000000042300000142000002414481    4                       1         
G0793003000026716    2019022720190301826400000004230105320190306000519028032200100000000042300000142000002424481    4                       1         
G0793003000026716    2019022720190301826400000004230105320190306000124028006600100000000042300000142000002434481    4                       1         
G0793003000026716    2019022720190301826800000004230105320190306000847028059500100000000042300000142000002444481    4                       1         
G0793003000026716    2019022720190301826800000004230105320190306000772028053300100000000042300000142000002454481    4                       1         
G0793003000026716    2019022720190301826800000004230105320190306000199028011100100000000042300000142000002464481    4                       1         
G0793003000026716    2019022720190301826800000004230105320190306000088028004700100000000042300000142000002474481    4                       1         
G0793003000026716    2019022720190301826600000006554105320190306000224028013200100000000065540000142000002484481    4                       1         
G0793003000026716    2019022720190301826100000004230105320190306000229028013500100000000042300000142000002494481    4                       1         
G0793003000026716    2019022720190301826100000004230105320190306000207028011900100000000042300000142000002504481    4                       1         
G0793003000026716    2019022720190301826100000004230105320190306000133028007200100000000042300000142000002514481    4                       1         
G0793003000026716    2019022720190301826600000004230105320190306000995028070400100000000042300000142000002524481    4                       1         
G0793003000026716    2019022720190301826600000004230105320190306000967028068300100000000042300000142000002534481    4                       1         
G0793003000026716    2019022720190301826600000004230105320190306000930028065600100000000042300000142000002544481    4                       1         
G0793003000026716    2019022720190301826600000004230105320190306000889028062800100000000042300000142000002554481    4                       1         
G0793003000026716    2019022720190301826600000004230105320190306000885028062500100000000042300000142000002564481    4                       1         
G0793003000026716    2019022720190301826600000004230105320190306000858028060300100000000042300000142000002574481    4                       1         
G0793003000026716    2019022720190301826600000004230105320190306000757028051900100000000042300000142000002584481    4                       1         
G0793003000026716    2019022720190301826600000004230105320190306000728028049000100000000042300000142000002594481    4                       1         
G0793003000026716    2019022720190301826900000008460105320190306000375028021800100000000084600000142000002604481    4                       1         
G0793003000026716    2019022720190301826200000004230105320190306000764028052600100000000042300000142000002614481    4                       1         
G0793003000026716    2019022720190301826200000004230105320190306000553028035000100000000042300000142000002624481    4                       1         
G0793003000026716    2019022720190301826100000017369105320190306000590028037900100000000173690000142000002634481    4                       1         
G0793003000026716    2019022720190301826700000004230105320190306001010028071700100000000042300000142000002644481    4                       1         
G0793003000026716    2019022720190301826700000004230105320190306000933028065900100000000042300000142000002654481    4                       1         
G0793003000026716    2019022720190301826700000004230105320190306000684028045700100000000042300000142000002664481    4                       1         
G0793003000026716    2019022720190301826700000001963105320190304000533002627000100000000019630000142000002671116    4                       1         
G0793003000026716    2019022720190301826000000004372105320190304000647002633500100000000043720000142000002681116    4                       1         
G0793003000026716    2019022720190301826100000007120105320190304000387002619000100000000071200000142000002691116    4                       1         
G0793003000026716    2019022720190301826900000005475105320190301001969000839100100000000054750000142000002701141    4                       1         
G0793003000026716    2019022720190301826000000005950105320190201000636000580100100000000059500000142000002711141    4                       1         
G0793003000026716    2019022720190301826000000005300105320190201001516000643800100000000053000000142000002721141    4                       1         
G0793003000026716    2019022720190301826000000004900105320190201000517000570100100000000049000000142000002731141    4                       1         
G0793003000026716    2019022720190301826000000004402105320190301001867000831600100000000044020000142000002741141    4                       1         
G0793003000026716    2019022720190301826000000004350105320190201000848000596800100000000043500000142000002751141    4                       1         
G0793003000026716    2019022720190301826000000004300105320190201000744000588600100000000043000000142000002761141    4                       1         
G0793003000026716    2019022720190301826000000004290105320190301001543000809400100000000042900000142000002771141    4                       1         
G0793003000026716    2019022720190301826600000004200105320190301001233000860100100000000042000000142000002781141    4                       1         
G0793003000026716    2019022720190301826500000004279105320190301000304000719400100000000042790000142000002791141    4                       1         
G0793003000026716    2019022720190301826400000008690105320190301001379000799100100000000086900000142000002801141    4                       1         
G0793003000026716    2019022720190301826400000006730105320190301001402000800300100000000067300000142000002811141    4                       1         
G0793003000026716    2019022720190301826500000004390105320190301000285000717800100000000043900000142000002821141    4                       1         
G0793003000026716    2019022720190301826500000004379105320190301001513000807700100000000043790000142000002831141    4                       1         
G0793003000026716    2019022720190301826500000004309105320190301000419000728600100000000043090000142000002841141    4                       1         
G0793003000026716    2019022720190301826500000004300105320190301001997000841100100000000043000000142000002851141    4                       1         
G0793003000026716    2019022720190301826400000005421105320190301001182000785800100000000054210000142000002861141    4                       1         
G0793003000026716    2019022720190301826500000004300105320190201002050000681400100000000043000000142000002871141    4                       1         
G0793003000026716    2019022720190301826300000004300105320190301001156000784000100000000043000000142000002881141    4                       1         
G0793003000026716    2019022720190301826300000004290105320190301000763000755200100000000042900000142000002891141    4                       1         
G0793003000026716    2019022720190301826300000004290105320190301000550000739100100000000042900000142000002901141    4                       1         
G0793003000026716    2019022720190301826500000004290105320190301002181000854100100000000042900000142000002911141    4                       1         
G0793003000026716    2019022720190301826500000004290105320190301000611000744000100000000042900000142000002921141    4                       1         
G0793003000026716    2019022720190301826200000012050105320190201000931000603000100000000120500000142000002931141    4                       1         
G0793003000026716    2019022720190301826200000004270105320190304000204002609800100000000042700000142000002941116    4                       1         
G0793003000026716    2019022720190301826700000007300105320190214000898010445000100000000073000000142000002951829    4                       1         
G0793003000026716    2019022720190301826100000006818105320190314000472010534400100000000068180000142000002961829    4                       1         
G0793003000026716    2019022720190301826100000005450105320190314000210010517500100000000054500000142000002971829    4                       1         
G0793003000026716    2019022720190301826100000004350105320190214000624010424400100000000043500000142000002981829    4                       1         
G0793003000026716    2019022720190301826600000009050105320190214000028010383300100000000090500000142000002991829    4                       1         
G0793003000026716    2019022720190301826600000007200105320190214000223010397300100000000072000000142000003001829    4                       1         
G0793003000026716    2019022720190301826600000004450105320190214001139010458800100000000044500000142000003011829    4                       1         
G0793003000026716    2019022720190301826100000004290105320190314001425010597000100000000042900000142000003021829    4                       1         
G0793003000026716    2019022720190301826600000004300105320190214001696010494000100000000043000000142000003031829    4                       1         
G0793003000026716    2019022720190301826600000004300105320190214001045010453800100000000043000000142000003041829    4                       1         
G0793003000026716    2019022720190301826600000004300105320190214000996010451000100000000043000000142000003051829    4                       1         
G0793003000026716    2019022720190301826600000004300105320190214000138010391100100000000043000000142000003061829    4                       1         
G0793003000026716    2019022720190301826600000004290105320190314000699010550500100000000042900000142000003071829    4                       1         
G0793003000026716    2019022720190301826600000004290105320190314000383010529000100000000042900000142000003081829    4                       1         
G0793003000026716    2019022720190301826600000004290105320190314000058010506500100000000042900000142000003091829    4                       1         
G0793003000026716    2019022720190301826600000004271105320190314001150010579500100000000042710000142000003101829    4                       1         
G0793003000026716    2019022720190301826200000004500105320190214000323010404200100000000045000000142000003111829    4                       1         
G0793003000026716    2019022720190301826200000004400105320190214001260010466600100000000044000000142000003121829    4                       1         
G0793003000026716    2019022720190301826200000004390105320190314000856010563400100000000043900000142000003131829    4                       1         
G0793003000026716    2019022720190301826200000004300105320190214001763010498400100000000043000000142000003141829    4                       1         
G0793003000026716    2019022720190301826200000004300105320190214000856010443200100000000043000000142000003151829    4                       1         
G0793003000026716    2019022720190301826200000004290105320190314001231010584400100000000042900000142000003161829    4                       1         
G0793003000026716    2019022720190301826200000004290105320190314000216010518000100000000042900000142000003171829    4                       1         
G0793003000026716    2019022720190301826200000004290105320190314000055010506400100000000042900000142000003181829    4                       1         
G0793003000026716    2019022720190301826900000005440105320190314001274010587100100000000054400000142000003191829    4                       1         
G0793003000026716    2019022720190301826100000019550105320190214000607010423300100000000195500000142000003201829    4                       1         
G0793003000026716    2019022720190301826700000004300105320190214000391010408200100000000043000000142000003211829    4                       1         
G0793003000026716    2019022720190301826700000004290105320190314001658010611200100000000042900000142000003221829    4                       1         
G0793003000026716    2019022720190301826700000004290105320190314001135010578400100000000042900000142000003231829    4                       1         
G0793003000026716    2019022720190301826700000004290105320190314000999010571100100000000042900000142000003241829    4                       1         
G0793003000026716    2019022720190301826700000004276105320190314000087010508500100000000042760000142000003251829    4                       1         
G0793003000026716    2019022720190301826900000005200105320190214000183010394400100000000052000000142000003261829    4                       1         
G0793003000026716    2019022720190301826900000004893105320190314000094010509100100000000048930000142000003271829    4                       1         
G0793003000026716    2019022720190301826900000004390105320190314000083010508200100000000043900000142000003281829    4                       1         
G0793003000026716    2019022720190301826900000004300105320190214000207010396000100000000043000000142000003291829    4                       1         
G0793003000026716    2019022720190301826900000004290105320190314000857010563500100000000042900000142000003301829    4                       1         
G0793003000026716    2019022720190301826900000004290105320190314000757010555100100000000042900000142000003311829    4                       1         
G0793003000026716    2019022720190301826900000003882105320190304060623002708900100000000038820000142000003323738    4                       1         
G0793003000026716    2019022720190301826700000003884105320190304060985002741000100000000038840000142000003333738    4                       1         
G0793003000026716    2019022720190301826100000003882105320190304061038002745900100000000038820000142000003343738    4                       1         
G0793003000026716    2019022720190301826100000003869105320190304060499002698800100000000038690000142000003353738    4                       1         
G0793003000026716    2019022720190301826100000001154105320190304060744002720000100000000011540000142000003363738    4                       1         
G0793003000026716    2019022720190301826200000004270105320190304000015002599400100000000042700000142000003371116    4                       1         
G0793003000026716    2019022720190301826200000004150105320190204000577002583100100000000041500000142000003381116    4                       1         
G0793003000026716    2019022720190301826500000004290105320190301000484000733800100000000042900000142000003391141    4                       1         
G0793003000026716    2019022720190301826500000004290105320190301000396000726600100000000042900000142000003401141    4                       1         
G0793003000026716    2019022720190301826500000004285105320190301000728000752300100000000042850000142000003411141    4                       1         
G0793003000026716    2019022720190301826500000004279105320190301001251000790500100000000042790000142000003421141    4                       1         
G0793003000026716    2019022720190301826400000004375105320190301000722000751700100000000043750000142000003431141    4                       1         
G0793003000026716    2019022720190301826400000004302105320190301001824000828800100000000043020000142000003441141    4                       1         
G0793003000026716    2019022720190301826400000004253105320190301000946000769100100000000042530000142000003451141    4                       1         
G0793003000026716    2019022720190301826400000004200105320190103001233000525500100000000042000000142000003461141    4                       1         
G0793003000026716    2019022720190301826800000004382105320190301000549000739000100000000043820000142000003471141    4                       1         
G0793003000026716    2019022720190301826800000004379105320190301000382000725500100000000043790000142000003481141    4                       1         
G0793003000026716    2019022720190301826700000004270105320190304000520002625900100000000042700000142000003491116    4                       1         
G0793003000026716    2019022720190301826700000004245105320190304000392002619200100000000042450000142000003501116    4                       1         
G0793003000026716    2019022720190301826900000004270105320190304000130002605600100000000042700000142000003511116    4                       1         
G0793003000026716    2019022720190301826200000004230105320190306000545045046100100000000042300000142000003521829    4                       1         
G0793003000026716    2019022720190301826100000004230105320190306000496045041800100000000042300000142000003531829    4                       1         
G0793003000026716    2019022720190301826800000004230105320190306000575045048800100000000042300000142000003541829    4                       1         
G0793003000026716    2019022720190301826400000004230105320190306000425045035400100000000042300000142000003551829    4                       1         
G0793003000026716    2019022720190301826800000004230105320190306000389045032500100000000042300000142000003561829    4                       1         
G0793003000026716    2019022720190301826800000004230105320190306000358045030000100000000042300000142000003571829    4                       1         
G0793003000026716    2019022720190301826300000007878105320190306000350045029300100000000078780000142000003581829    4                       1         
G0793003000026716    2019022720190301826100000004230105320190306000554045047000100000000042300000142000003591829    4                       1         
G0793003000026716    2019022720190301826100000001420105320190221000884014341400100000000014200000142000003603089    4                       1         
G0793003000026716    2019022720190301826000000005147105320190221000314014292500100000000051470000142000003613089    4                       1         
G0793003000026716    2019022720190301826400000009350105320190121000101014185900100000000093500000142000003623089    4                       1         
G0793003000026716    2019022720190301826400000007441105320190221000101014273300100000000074410000142000003633089    4                       1         
G0793003000026716    2019022720190301826500000005350105320190121000482014220100100000000053500000142000003643089    4                       1         
G0793003000026716    2019022720190301826500000004408105320190221000904014342900100000000044080000142000003653089    4                       1         
G0793003000026716    2019022720190301826500000004318105320190221000251014286700100000000043180000142000003663089    4                       1         
G0793003000026716    2019022720190301826400000004900105320190121000514014223000100000000049000000142000003673089    4                       1         
G0793003000026716    2019022720190301826400000004422105320190221000180014280500100000000044220000142000003683089    4                       1         
G0793003000026716    2019022720190301826700000009850105320190121000205014195200100000000098500000142000003693089    4                       1         
G0793003000026716    2019022720190301826300000004435105320190221000754014331100100000000044350000142000003703089    4                       1         
G0793003000026716    2019022720190301826300000001850105320190121000884014255000100000000018500000142000003713089    4                       1         
G0793003000026716    2019022720190301826200000017200105320190121000151014190400100000000172000000142000003723089    4                       1         
G0793003000026716    2019022720190301826200000009550105320190121000444014216400100000000095500000142000003733089    4                       1         
G0793003000026716    2019022720190301826200000008827105320190221000636014321300100000000088270000142000003743089    4                       1         
G0793003000026716    2019022720190301826200000008102105320190221000293014290600100000000081020000142000003753089    4                       1         
G0793003000026716    2019022720190301826200000007196105320190221000020014265600100000000071960000142000003763089    4                       1         
G0793003000026716    2019022720190301826200000006550105320190121000783014246800100000000065500000142000003773089    4                       1         
G0793003000026716    2019022720190301826800000004682105320190221000683014325500100000000046820000142000003783089    4                       1         
G0793003000026716    2019022720190301826800000004534105320190221000635014321200100000000045340000142000003793089    4                       1         
G0793003000026716    2019022720190301826800000004320105320190221000779014333200100000000043200000142000003803089    4                       1         
G0793003000026716    2019022720190301826300000011150105320190121000531014224500100000000111500000142000003813089    4                       1         
G0793003000026716    2019022720190301826300000007850105320190121000266014200500100000000078500000142000003823089    4                       1         
G0793003000026716    2019022720190301826800000004290105320190301000377000725200100000000042900000142000003831141    4                       1         
G0793003000026716    2019022720190301826800000004275105320190301001636000815900100000000042750000142000003841141    4                       1         
G0793003000026716    2019022720190301826300000016150105320190201000960000605500100000000161500000142000003851141    4                       1         
G0793003000026716    2019022720190301826300000005710105320190301000953000769800100000000057100000142000003861141    4                       1         
G0793003000026716    2019022720190301826300000005450105320190201001997000677900100000000054500000142000003871141    4                       1         
G0793003000026716    2019022720190301826300000004970105320190301000842000761400100000000049700000142000003881141    4                       1         
G0793003000026716    2019022720190301826300000004950105320190201000288000550900100000000049500000142000003891141    4                       1         
G0793003000026716    2019022720190301826300000004442105320190301000509000735700100000000044420000142000003901141    4                       1         
G0793003000026716    2019022720190301826700000005950105320190201000260000548900100000000059500000142000003911141    4                       1         
G0793003000026716    2019022720190301826100000009655105320190301001908000834600100000000096550000142000003921141    4                       1         
G0793003000026716    2019022720190301826100000004451105320190301000305000719500100000000044510000142000003931141    4                       1         
G0793003000026716    2019022720190301826600000008650105320190201000462000565500100000000086500000142000003941141    4                       1         
G0793003000026716    2019022720190301826600000008480105320190301001339000796300100000000084800000142000003951141    4                       1         
G0793003000026716    2019022720190301826600000006100105320190301002231000857600100000000061000000142000003961141    4                       1         
G0793003000026716    2019022720190301826600000004995105320190301000219000712500100000000049950000142000003971141    4                       1         
G0793003000026716    2019022720190301826600000004701105320190301000235000713700100000000047010000142000003981141    4                       1         
G0793003000026716    2019022720190301826100000004300105320190201000419000561800100000000043000000142000003991141    4                       1         
G0793003000026716    2019022720190301826100000004294105320190301000909000766200100000000042940000142000004001141    4                       1         
G0793003000026716    2019022720190301826100000004292105320190301000453000731400100000000042920000142000004011141    4                       1         
G0793003000026716    2019022720190301826100000004290105320190301001360000797500100000000042900000142000004021141    4                       1         
G0793003000026716    2019022720190301826100000004290105320190301001201000786800100000000042900000142000004031141    4                       1         
G0793003000026716    2019022720190301826100000004283105320190301001957000838000100000000042830000142000004041141    4                       1         
G0793003000026716    2019022720190301826600000004350105320190201001828000665900100000000043500000142000004051141    4                       1         
G0793003000026716    2019022720190301826600000004281105320190301001120000781300100000000042810000142000004061141    4                       1         
G0793003000026716    2019022720190301826200000005300105320190201001112000616300100000000053000000142000004071141    4                       1         
G0793003000026716    2019022720190301826200000004857105320190301000321000720800100000000048570000142000004081141    4                       1         
G0793003000026716    2019022720190301826200000004390105320190301000956000770100100000000043900000142000004091141    4                       1         
G0793003000026716    2019022720190301826200000004300105320190201001113000616400100000000043000000142000004101141    4                       1         
G0793003000026716    2019022720190301826200000004300105320190201000152000541100100000000043000000142000004111141    4                       1         
G0793003000026716    2019022720190301826200000004290105320190301001153000783800100000000042900000142000004121141    4                       1         
G0793003000026716    2019022720190301826200000004290105320190301000476000733000100000000042900000142000004131141    4                       1         
G0793003000026716    2019022720190301826200000004290105320190301000430000729500100000000042900000142000004141141    4                       1         
G0793003000026716    2019022720190301826900000010850105320190201000038000532800100000000108500000142000004151141    4                       1         
G0793003000026716    2019022720190301826900000008670105320190301000247000714700100000000086700000142000004161141    4                       1         
G0793003000026716    2019022720190301826100000010950105320190201000204000544400100000000109500000142000004171141    4                       1         
G0793003000026716    2019022720190301826700000004290105320190301001910000834700100000000042900000142000004181141    4                       1         
G0793003000026716    2019022720190301826700000004290105320190301000952000769700100000000042900000142000004191141    4                       1         
G0793003000026716    2019022720190301826700000004290105320190301000761000755100100000000042900000142000004201141    4                       1         
G0793003000026716    2019022720190301826700000004290105320190301000415000728300100000000042900000142000004211141    4                       1         
G0793003000026716    2019022720190301826700000004271105320190301000669000747900100000000042710000142000004221141    4                       1         
G0793003000026716    2019022720190301826900000004300105320190201001526000644400100000000043000000142000004231141    4                       1         
G0793003000026716    2019022720190301826900000004290105320190301000585000742000100000000042900000142000004241141    4                       1         
G0793003000026716    2019022720190301826900000004281105320190301002113000848500100000000042810000142000004251141    4                       1         
G0793003000026716    2019022720190301826800000007231105320190301002056000844900100000000072310000142000004261141    4                       1         
G0793003000026716    2019022720190301826800000006150105320190201001233000625100100000000061500000142000004271141    4                       1         
G0793003000026716    2019022720190301826800000007169105320190314000781010557100100000000071690000142000004281829    4                       1         
G0793003000026716    2019022720190301826300000004200105320181114000708010052300100000000042000000142000004291829    4                       1         
G0793003000026716    2019022720190301826000000004454105320190314001364010593000100000000044540000142000004301829    4                       1         
G0793003000026716    2019022720190301826000000004302105320190314001558010604800100000000043020000142000004311829    4                       1         
G0793003000026716    2019022720190301826500000004249105320190215000058022077400100000000042490000142000004323738    4                       1         
G0793003000026716    2019022720190301826000000004300105320190214001716010495500100000000043000000142000004331829    4                       1         
G0793003000026716    2019022720190301826000000004290105320190314001586010606700100000000042900000142000004341829    4                       1         
G0793003000026716    2019022720190301826000000004290105320190314000516010537300100000000042900000142000004351829    4                       1         
G0793003000026716    2019022720190301826600000004200105320190114000909010379800100000000042000000142000004361829    4                       1         
G0793003000026716    2019022720190301826500000029350105320190214000802010438900100000000293500000142000004371829    4                       1         
G0793003000026716    2019022720190301826900000004260105320190215000782022140200100000000042600000142000004383738    4                       1         
G0793003000026716    2019022720190301826500000006100105320190214000191010395000100000000061000000142000004391829    4                       1         
G0793003000026716    2019022720190301826500000004968105320190314000964010569000100000000049680000142000004401829    4                       1         
G0793003000026716    2019022720190301826500000004350105320190214000438010411700100000000043500000142000004411829    4                       1         
G0793003000026716    2019022720190301826400000005440105320190314001426010597100100000000054400000142000004421829    4                       1         
G0793003000026716    2019022720190301826300000004440105320190314000443010533200100000000044400000142000004431829    4                       1         
G0793003000026716    2019022720190301826500000004290105320190314000496010535800100000000042900000142000004441829    4                       1         
G0793003000026716    2019022720190301826300000001370105320190314000738010553600100000000013700000142000004451829    4                       1         
G0793003000026716    2019022720190301826200000006710105320190314001667010611700100000000067100000142000004461829    4                       1         
G0793003000026716    2019022720190301826400000004300105320190214001526010484000100000000043000000142000004471829    4                       1         
G0793003000026716    2019022720190301826400000004200105320190214000591010421900100000000042000000142000004481829    4                       1         
G0793003000026716    2019022720190301826800000004900105320190214000219010397000100000000049000000142000004491829    4                       1         
G0793003000026716    2019022720190301826800000004393105320190314000391010529200100000000043930000142000004501829    4                       1         
G0793003000026716    2019022720190301826600000006118105320190215000513022118000100000000061180000142000004513738    4                       1         
G0793003000026716    2019022720190301826800000004290105320190314000657010547700100000000042900000142000004521829    4                       1         
G0793003000026716    2019022720190301826800000004290105320190314000424010531700100000000042900000142000004531829    4                       1         
G0793003000026716    2019022720190301826800000004200105320190114000438010288700100000000042000000142000004541829    4                       1         
G0793003000026716    2019022720190301826800000004150105320190204070100035712900100000000041500000142000004551829    4                       1         
G0793003000026716    2019022720190301826400000001372105320190314000145010512800100000000013720000142000004561829    4                       1         
G0793003000026716    2019022720190301826300000010200105320190214001750010497500100000000102000000142000004571829    4                       1         
G0793003000026716    2019022720190301826800000002557105320190314000989010570300100000000025570000142000004581829    4                       1         
G0793003000026716    2019022720190301826800000004200105320190115000495022044200100000000042000000142000004593738    4                       1         
G0793003000026716    2019022720190301826700000004260105320190215000593022125200100000000042600000142000004603738    4                       1         
G0793003000026716    2019022720190301826300000006700105320190214000473010413600100000000067000000142000004611829    4                       1         
G0793003000026716    2019022720190301826000000005392105320190225000109024010400100000000053920000142000004621737    4                       1         
G0793003000026716    2019022720190301826600000004378105320190225070199020294100100000000043780000142000004633458    4                       1         
G0793003000026716    2019022720190301826900000004230105320190306000191045016400100000000042300000142000004641829    4                       1         
G0793003000026716    2019022720190301826400000006150105320190306005656006910000100000000061500000142000004654065    4                       1         
G0793003000026716    2019022720190301826400000008000105320190121000103014186100100000000080000000142000004663089    4                       1         
G0793003000026716    2019022720190301826900000010300105320190204070915035771800100000000103000000142000004674065    4                       1         
G0793003000026716    2019022720190301826900000004144105320190304070116035791100100000000041440000142000004681829    4                       1         
G0793003000026716    2019022720190301826700000011400105320190214000305010402900100000000114000000142000004694065    4                       1         
G0793003000026716    2019022720190301826100000006750105320190205005656006839800100000000067500000142000004704065    4                       1         
G0793003000026716    2019022720190301826200000004121105320190304070696035832700100000000041210000142000004712525    4                       1         
G0793003000026716    2019022720190301826600000003850105320181206000470095558600100000000038500000142000004724481    4                       1         
G0793003000026716    2019022720190301826200000009695105320190304061122002752900100000000096950000142000004733738    4                       1         
G0793003000026716    2019022720190301826100000004650105320190321061360002771500100000000046500000142000004743738    4                       1         
G0793003000026716    2019022720190301826000000003862105320190304061104002751200100000000038620000142000004753738    4                       1         
G0793003000026716    2019022720190301826200000005550105320190121000579014228900100000000055500000142000004763089    4                       1         
G0793003000026716    2019022720190301826000000004230105320190225000398024038700100000000042300000142000004771737    4                       1         
G0793003000026716    2019022720190301826500000004230105320190225000559024054200100000000042300000142000004781737    4                       1         
G0793003000026716    2019022720190301826400000010498105320190225000756024072400100000000104980000142000004791737    4                       1         
G0793003000026716    2019022720190301826300000004230105320190225000202024019500100000000042300000142000004801737    4                       1         
G0793003000026716    2019022720190301826800000004230105320190225000328024031900100000000042300000142000004811737    4                       1         
G0793003000026716    2019022720190301826300000008621105320190225000302024029300100000000086210000142000004821737    4                       1         
G0793003000026716    2019022720190301826600000011741105320190225000237024022900100000000117410000142000004831737    4                       1         
G0793003000026716    2019022720190301826100000004230105320190225000615024059700100000000042300000142000004841737    4                       1         
G0793003000026716    2019022720190301826100000004230105320190225000612024059400100000000042300000142000004851737    4                       1         
G0793003000026716    2019022720190301826700000004230105320190225000334024032500100000000042300000142000004861737    4                       1         
Z00048800000000002510840                                                                                                                              
