A2201053              HIDROFORTETOCANTINS 104CAIXA ECON. FEDERAL 2019030100156303                                                                     
G0793003000026716    2019022820190301826200000004260105320190215000686018117700100000000042600000142000000011141    3                       1         
G0793003000026716    2019022820190301826000000004230105320190225000354024034500100000000042300000142000000023464    3                       1         
G0793003000026716    2019022820190301826800000010850105320190306000062045005200100000000108500000142000000031829    3                       1         
G0793003000026716    2019022820190301826100000004290105320190301000133000706900100000000042900000142000000041141    3                       1         
G0793003000026716    2019022820190306826000000004135105320190304070208035796300100000000041350000142000000052525    4                       1         
G0793003000026716    2019022820190306826600000005800105300100000061243002659200000000000058000000142000000063738    4                       1         
G0793003000026716    2019022820190306826300000001966105300100000070488081785100000000000019660000142000000073939    4                       1         
G0793003000026716    2019022820190306826000000001850105300100000070488081611200000000000018500000142000000083939    4                       1         
G0793003000026716    2019022820190306826000000001322105300100000070899081824000000000000013220000142000000093939    4                       1         
G0793003000026716    2019022820190306826000000001280105300100000071406081872700000000000012800000142000000103939    4                       1         
G0793003000026716    2019022820190306826300000001331105300100000070773081812500000000000013310000142000000113939    4                       1         
G0793003000026716    2019022820190306826300000001298105300100000070563081792000000000000012980000142000000123939    4                       1         
G0793003000026716    2019022820190306826200000010500105300100000071414081699900000000000105000000142000000133939    4                       1         
G0793003000026716    2019022820190306826200000009830105300100000071184081851200000000000098300000142000000143939    4                       1         
G0793003000026716    2019022820190306826300000004680105300100000071361081868500000000000046800000142000000153939    4                       1         
G0793003000026716    2019022820190306826300000004211105300100000070706081806000000000000042110000142000000163939    4                       1         
G0793003000026716    2019022820190306826300000004158105300100000071432081875000000000000041580000142000000173939    4                       1         
G0793003000026716    2019022820190306826300000004135105300100000070331081770400000000000041350000142000000183939    4                       1         
G0793003000026716    2019022820190306826000000001280105300100000070338081771100000000000012800000142000000193939    4                       1         
G0793003000026716    2019022820190306826300000004130105300100000071803081909200000000000041300000142000000203939    4                       1         
G0793003000026716    2019022820190306826500000008450105300100000060226002571000000000000084500000142000000213738    4                       1         
G0793003000026716    2019022820190306826000000003850105300100000060689002610700000000000038500000142000000223738    4                       1         
G0793003000026716    2019022820190306826300000004130105300100000070623081797900000000000041300000142000000233939    4                       1         
G0793003000026716    2019022820190306826600000004250105300100000070848081645600000000000042500000142000000243939    4                       1         
G0793003000026716    2019022820190306826300000004100105300100000070317081595000000000000041000000142000000253939    4                       1         
G0793003000026716    2019022820190306826200000005854105300100000070319081769200000000000058540000142000000263939    4                       1         
G0793003000026716    2019022820190306826200000004236105300100000071380081870200000000000042360000142000000273939    4                       1         
G0793003000026716    2019022820190306826200000004163105300100000070877081822100000000000041630000142000000283939    4                       1         
G0793003000026716    2019022820190306826200000004130105300100000071791081908000000000000041300000142000000293939    4                       1         
G0793003000026716    2019022820190306826200000004130105300100000071336081866100000000000041300000142000000303939    4                       1         
G0793003000026716    2019022820190306826200000001864105300100000071735081902600000000000018640000142000000313939    4                       1         
G0793003000026716    2019022820190306826200000001307105300100000071139081846900000000000013070000142000000323939    4                       1         
G0793003000026716    2019022820190306826200000001280105300100000070591081794700000000000012800000142000000333939    4                       1         
G0793003000026716    2019022820190306826100000004950105300100000070806081641700000000000049500000142000000343939    4                       1         
G0793003000026716    2019022820190306826100000004300105300100000071683081724400000000000043000000142000000353939    4                       1         
G0793003000026716    2019022820190306826100000004200105300100000070425081605400000000000042000000142000000363939    4                       1         
G0793003000026716    2019022820190306826100000004147105300100000070553081791100000000000041470000142000000373939    4                       1         
G0793003000026716    2019022820190306826800000004200105300100000071052081664800000000000042000000142000000383939    4                       1         
G0793003000026716    2019022820190306826800000004159105300100000070718081807200000000000041590000142000000393939    4                       1         
G0793003000026716    2019022820190306826800000004130105300100000070083081759600000000000041300000142000000403939    4                       1         
G0793003000026716    2019022820190306826800000001322105300100000070984081831900000000000013220000142000000413939    4                       1         
G0793003000026716    2019022820190306826700000009250105300100000070076081585300000000000092500000142000000423939    4                       1         
G0793003000026716    2019022820190306826700000008396105300100000071197081852500000000000083960000142000000433939    4                       1         
G0793003000026716    2019022820190306826500000004220105300100000070076081759300000000000042200000142000000443939    4                       1         
G0793003000026716    2019022820190306826500000004211105300100000071394081871600000000000042110000142000000453939    4                       1         
G0793003000026716    2019022820190306826500000004163105300100000071935081921800000000000041630000142000000463939    4                       1         
G0793003000026716    2019022820190306826500000004152105300100000071583081888300000000000041520000142000000473939    4                       1         
G0793003000026716    2019022820190306826500000004136105300100000070487081785000000000000041360000142000000483939    4                       1         
G0793003000026716    2019022820190306826500000004130105300100000071644081894100000000000041300000142000000493939    4                       1         
G0793003000026716    2019022820190306826500000004130105300100000071066081839900000000000041300000142000000503939    4                       1         
G0793003000026716    2019022820190306826400000009300105300100000071525081709700000000000093000000142000000513939    4                       1         
G0793003000026716    2019022820190306826900000008411105300100000071890081917600000000000084110000142000000523939    4                       1         
G0793003000026716    2019022820190306826900000004854105300100000071158081848800000000000048540000142000000533939    4                       1         
G0793003000026716    2019022820190306826900000004136105300100000070909081824900000000000041360000142000000543939    4                       1         
G0793003000026716    2019022820190306826600000004280105300100000071914081920000000000000042800000142000000553939    4                       1         
G0793003000026716    2019022820190306826600000004221105300100000071292081861700000000000042210000142000000563939    4                       1         
G0793003000026716    2019022820190306826600000004200105300100000070297081593100000000000042000000142000000573939    4                       1         
G0793003000026716    2019022820190306826600000004130105300100000070747081810000000000000041300000142000000583939    4                       1         
G0793003000026716    2019022820190306826900000020307105300100000071329081865400000000000203070000142000000593459    4                       1         
G0793003000026716    2019022820190306826700000004858105300100000071025081836000000000000048580000142000000603939    4                       1         
G0793003000026716    2019022820190306826000000003750105300100000060406002586400000000000037500000142000000613738    4                       1         
G0793003000026716    2019022820190306826000000004350105300100000060314002578500000000000043500000142000000623738    4                       1         
G0793003000026716    2019022820190306826100000004100105300100000061317002664600000000000041000000142000000633738    4                       1         
G0793003000026716    2019022820190306826700000004200105300100000070473081609900000000000042000000142000000643939    4                       1         
G0793003000026716    2019022820190306826400000009200105300100000060646002606600000000000092000000142000000653738    4                       1         
G0793003000026716    2019022820190306826900000001100105300100000060768002618200000000000011000000142000000663738    4                       1         
G0793003000026716    2019022820190306826200000005900105300100000060903002630200000000000059000000142000000673738    4                       1         
G0793003000026716    2019022820190306826900000007250105300100000060405002586300000000000072500000142000000683738    4                       1         
G0793003000026716    2019022820190306826900000003850105300100000060372002583500000000000038500000142000000693738    4                       1         
G0793003000026716    2019022820190306826700000004158105300100000070481081784400000000000041580000142000000703939    4                       1         
G0793003000026716    2019022820190306826700000004130105300100000070164081760600000000000041300000142000000713939    4                       1         
G0793003000026716    2019022820190306826700000004120105300100000071121081845200000000000041200000142000000723939    4                       1         
G0793003000026716    2019022820190306826700000004100105300100000071997081926500000000000041000000142000000733939    4                       1         
G0793003000026716    2019022820190306826700000001372105300100000070705081805900000000000013720000142000000743939    4                       1         
G0793003000026716    2019022820190306826700000001312105300100000070590081794600000000000013120000142000000753939    4                       1         
G0793003000026716    2019022820190306826600000008600105300100000071890081744300000000000086000000142000000763939    4                       1         
G0793003000026716    2019022820190306826000000007250105300100000071074081666900000000000072500000142000000773939    4                       1         
G0793003000026716    2019022820190306826000000004800105300100000070737081635000000000000048000000142000000783939    4                       1         
G0793003000026716    2019022820190306826000000004235105300100000071606081890500000000000042350000142000000793939    4                       1         
G0793003000026716    2019022820190306826000000004171105300100000070982081831700000000000041710000142000000803939    4                       1         
G0793003000026716    2019022820190306826000000004160105300100000070536081789500000000000041600000142000000813939    4                       1         
G0793003000026716    2019022820190306826000000004156105300100000071389081871100000000000041560000142000000823939    4                       1         
G0793003000026716    2019022820190306826000000004135105300100000071560081886100000000000041350000142000000833939    4                       1         
G0793003000026716    2019022820190306826100000005856105300100000071645081894200000000000058560000142000000843939    4                       1         
G0793003000026716    2019022820190306826100000005500105300100000071500081707700000000000055000000142000000853939    4                       1         
G0793003000026716    2019022820190306826900000004130105300100000071602081890100000000000041300000142000000863939    4                       1         
G0793003000026716    2019022820190306826900000004100105300100000070059080890000000000000041000000142000000873939    4                       1         
G0793003000026716    2019022820190306826900000003000105300100000070191081761300000000000030000000142000000883939    4                       1         
G0793003000026716    2019022820190306826900000001322105300100000070987081832200000000000013220000142000000893939    4                       1         
G0793003000026716    2019022820190306826900000001314105300100000071944081922700000000000013140000142000000903939    4                       1         
G0793003000026716    2019022820190306826900000001300105300100000070424081605300000000000013000000142000000913939    4                       1         
G0793003000026716    2019022820190306826800000006976105300100000071621081892000000000000069760000142000000923939    4                       1         
G0793003000026716    2019022820190306826800000005830105300100000071575081887500000000000058300000142000000933939    4                       1         
G0793003000026716    2019022820190306826800000004750105300100000071221081680800000000000047500000142000000943939    4                       1         
G0793003000026716    2019022820190306826000000004130105300100000071617081891600000000000041300000142000000953939    4                       1         
G0793003000026716    2019022820190306826400000004450105300100000070059081064900000000000044500000142000000963939    4                       1         
G0793003000026716    2019022820190306826400000004169105300100000071764081905400000000000041690000142000000973939    4                       1         
G0793003000026716    2019022820190306826400000004107105300100000071050081838400000000000041070000142000000983939    4                       1         
G0793003000026716    2019022820190306826400000001367105300100000070355081772500000000000013670000142000000993939    4                       1         
G0793003000026716    2019022820190306826400000001345105300100000070771081812300000000000013450000142000001003939    4                       1         
G0793003000026716    2019022820190306826400000001332105300100000070903081824400000000000013320000142000001013939    4                       1         
G0793003000026716    2019022820190306826400000001300105300100000070992081658900000000000013000000142000001023939    4                       1         
G0793003000026716    2019022820190306826600000004130105300100000070521081788000000000000041300000142000001033939    4                       1         
G0793003000026716    2019022820190306826500000014200105300100000071145081673800000000000142000000142000001043939    4                       1         
G0793003000026716    2019022820190306826500000009400105300100000070926081652800000000000094000000142000001053939    4                       1         
G0793003000026716    2019022820190306826500000004350105320190214000654010426700100000000043500000142000001061829    4                       1         
G0793003000026716    2019022820190306826900000003882105320190304060275002679700100000000038820000142000001073738    4                       1         
G0793003000026716    2019022820190306826900000004406105320190301001087000778900100000000044060000142000001081141    4                       1         
G0793003000026716    2019022820190306826200000016900105320190116000457000394200100000000169000000142000001091141    4                       1         
G0793003000026716    2019022820190306826900000001115105320190304060673002713200100000000011150000142000001103738    4                       1         
G0793003000026716    2019022820190306826500000003932105320190304060870002731200100000000039320000142000001113738    4                       1         
G0793003000026716    2019022820190306826500000003750105320190304060081002670500100000000037500000142000001123738    4                       1         
G0793003000026716    2019022820190306826200000015544105320190301001393000799900100000000155440000142000001131141    4                       1         
G0793003000026716    2019022820190306826300000003882105320190304061192002759100100000000038820000142000001143738    4                       1         
G0793003000026716    2019022820190306826900000003818105320190304061187002758600100000000038180000142000001153738    4                       1         
G0793003000026716    2019022820190306826100000004359105320190304060817002726600100000000043590000142000001163738    4                       1         
G0793003000026716    2019022820190306826100000003882105320190304060661002712200100000000038820000142000001173738    4                       1         
G0793003000026716    2019022820190306826800000004024105320190304060845002728700100000000040240000142000001183738    4                       1         
G0793003000026716    2019022820190306826800000019100105320190104060380002563500100000000191000000142000001193738    4                       1         
G0793003000026716    2019022820190306826700000004532105320190304060347002685700100000000045320000142000001203738    4                       1         
G0793003000026716    2019022820190306826700000003882105320190304060495002698400100000000038820000142000001213738    4                       1         
G0793003000026716    2019022820190306826300000003882105320190304060665002712400100000000038820000142000001223738    4                       1         
G0793003000026716    2019022820190306826300000003750105320190304061228002761700100000000037500000142000001233738    4                       1         
G0793003000026716    2019022820190306826200000013100105320190201000470000566000100000000131000000142000001241141    4                       1         
G0793003000026716    2019022820190306826200000008660105320190301000057000701400100000000086600000142000001251141    4                       1         
G0793003000026716    2019022820190306826200000008600105320190201000123000539000100000000086000000142000001261141    4                       1         
G0793003000026716    2019022820190306826300000007403105320190301000926000767500100000000074030000142000001271141    4                       1         
G0793003000026716    2019022820190306826300000005500105320190201000913000601600100000000055000000142000001281141    4                       1         
G0793003000026716    2019022820190306826300000004455105320190301001135000782500100000000044550000142000001291141    4                       1         
G0793003000026716    2019022820190306826300000004367105320190301000689000749100100000000043670000142000001301141    4                       1         
G0793003000026716    2019022820190306826300000004300105320190201001344000631900100000000043000000142000001311141    4                       1         
G0793003000026716    2019022820190306826300000004290105320190301001051000776400100000000042900000142000001321141    4                       1         
G0793003000026716    2019022820190306826300000004279105320190301000610000743900100000000042790000142000001331141    4                       1         
G0793003000026716    2019022820190306826200000004833105320190304060615002708200100000000048330000142000001343738    4                       1         
G0793003000026716    2019022820190306826900000003750105320181105060380002268600100000000037500000142000001353738    4                       1         
G0793003000026716    2019022820190306826900000001165105320190304060768002722400100000000011650000142000001363738    4                       1         
G0793003000026716    2019022820190306826100000003882105320190304060511002699600100000000038820000142000001373738    4                       1         
G0793003000026716    2019022820190306826100000003882105320190304060260002678500100000000038820000142000001383738    4                       1         
G0793003000026716    2019022820190306826800000003882105320190304061051002747100100000000038820000142000001393738    4                       1         
G0793003000026716    2019022820190306826800000003850105320190304060040002669000100000000038500000142000001403738    4                       1         
G0793003000026716    2019022820190306826800000003838105320190304060184002672400100000000038380000142000001413738    4                       1         
G0793003000026716    2019022820190306826900000005932105320190304060197002673500100000000059320000142000001423738    4                       1         
G0793003000026716    2019022820190306826100000006700105320190321061264002764100100000000067000000142000001433738    4                       1         
G0793003000026716    2019022820190306826700000003879105320190304060280002680100100000000038790000142000001443738    4                       1         
G0793003000026716    2019022820190306826100000003800105320190304061111002751900100000000038000000142000001453738    4                       1         
G0793003000026716    2019022820190306826700000003857105320190304060403002690400100000000038570000142000001463738    4                       1         
G0793003000026716    2019022820190306826600000012000105320190204060353002581900100000000120000000142000001473738    4                       1         
G0793003000026716    2019022820190306826100000003750105320181205060380002373100100000000037500000142000001483738    4                       1         
G0793003000026716    2019022820190306826100000001192105320190304060371002687700100000000011920000142000001493738    4                       1         
G0793003000026716    2019022820190306826800000006200105320190104061264002554800100000000062000000142000001503738    4                       1         
G0793003000026716    2019022820190306826400000003910105320190304061100002750800100000000039100000142000001513738    4                       1         
G0793003000026716    2019022820190306826400000001154105320190304061181002758000100000000011540000142000001523738    4                       1         
G0793003000026716    2019022820190306826300000004200105320190201001135000618000100000000042000000142000001531141    4                       1         
G0793003000026716    2019022820190306826200000006031105320190301000503000735200100000000060310000142000001541141    4                       1         
G0793003000026716    2019022820190306826200000005571105320190301001788000826300100000000055710000142000001551141    4                       1         
G0793003000026716    2019022820190306826600000004290105320190314000889010564700100000000042900000142000001561829    4                       1         
G0793003000026716    2019022820190306826200000004383105320190301002186000854400100000000043830000142000001571141    4                       1         
G0793003000026716    2019022820190306826200000004376105320190301001506000807000100000000043760000142000001581141    4                       1         
G0793003000026716    2019022820190306826200000004350105320190201000527000571100100000000043500000142000001591141    4                       1         
G0793003000026716    2019022820190306826200000004300105320190201001246000625800100000000043000000142000001601141    4                       1         
G0793003000026716    2019022820190306826200000004271105320190301000183000710200100000000042710000142000001611141    4                       1         
G0793003000026716    2019022820190306826100000013500105320190201000768000590400100000000135000000142000001621141    4                       1         
G0793003000026716    2019022820190306826200000004290105320190301000753000754400100000000042900000142000001631141    4                       1         
G0793003000026716    2019022820190306826200000004290105320190301000218000712400100000000042900000142000001641141    4                       1         
G0793003000026716    2019022820190306826200000004277105320190301001288000792500100000000042770000142000001651141    4                       1         
G0793003000026716    2019022820190306826200000004271105320190301001756000824100100000000042710000142000001661141    4                       1         
G0793003000026716    2019022820190306826100000004860105320190301001771000825000100000000048600000142000001671141    4                       1         
G0793003000026716    2019022820190306826100000004290105320190301001888000833000100000000042900000142000001681141    4                       1         
G0793003000026716    2019022820190306826100000004290105320190301001468000804600100000000042900000142000001691141    4                       1         
G0793003000026716    2019022820190306826100000004290105320190301000267000716700100000000042900000142000001701141    4                       1         
G0793003000026716    2019022820190306826100000004290105320190301000209000712000100000000042900000142000001711141    4                       1         
G0793003000026716    2019022820190306826100000004266105320190301000448000730900100000000042660000142000001721141    4                       1         
G0793003000026716    2019022820190306826100000004260105320190215000067018066300100000000042600000142000001731141    4                       1         
G0793003000026716    2019022820190306826100000004200105320190201001773000661700100000000042000000142000001741141    4                       1         
G0793003000026716    2019022820190306826800000004290105320190301001572000811000100000000042900000142000001751141    4                       1         
G0793003000026716    2019022820190306826800000004290105320190301000449000731000100000000042900000142000001761141    4                       1         
G0793003000026716    2019022820190306826700000015850105320190201000457000565000100000000158500000142000001771141    4                       1         
G0793003000026716    2019022820190306826700000010623105320190301000095000704300100000000106230000142000001781141    4                       1         
G0793003000026716    2019022820190306826600000004276105320190314000562010540300100000000042760000142000001791829    4                       1         
G0793003000026716    2019022820190306826500000005590105320190314001463010599500100000000055900000142000001801829    4                       1         
G0793003000026716    2019022820190306826700000001250105320190204070483035740400100000000012500000142000001811829    4                       1         
G0793003000026716    2019022820190306826300000004100105320190103070473035704300100000000041000000142000001821829    4                       1         
G0793003000026716    2019022820190306826200000001368105320190304070049035787100100000000013680000142000001831829    4                       1         
G0793003000026716    2019022820190306826900000004208105320190304070590035824500100000000042080000142000001841829    4                       1         
G0793003000026716    2019022820190306826900000024800105320190304071056035858700100000000248000000142000001851829    4                       1         
G0793003000026716    2019022820190306826600000005743105320190304070758035837300100000000057430000142000001861829    4                       1         
G0793003000026716    2019022820190306826800000004099105320190304070556035822400100000000040990000142000001871829    4                       1         
G0793003000026716    2019022820190306826500000001800105320190204070767035761300100000000018000000142000001881829    4                       1         
G0793003000026716    2019022820190306826400000014850105320180604070531035123200100000000148500000142000001891829    4                       1         
G0793003000026716    2019022820190306826800000004072105320190304070488035817900100000000040720000142000001901829    4                       1         
G0793003000026716    2019022820190306826100000001250105320190204070022035707600100000000012500000142000001911829    4                       1         
G0793003000026716    2019022820190306826700000004090105320190304070246035799600100000000040900000142000001921829    4                       1         
G0793003000026716    2019022820190306826000000003907105320190304060719002717600100000000039070000142000001933738    4                       1         
G0793003000026716    2019022820190306826900000022000105320180704070531035202200100000000220000000142000001941829    4                       1         
G0793003000026716    2019022820190306826600000004252105320190304070850035843500100000000042520000142000001951829    4                       1         
G0793003000026716    2019022820190306826400000012176105320190304070247035799700100000000121760000142000001961829    4                       1         
G0793003000026716    2019022820190306826500000004090105320190304070908035847300100000000040900000142000001971829    4                       1         
G0793003000026716    2019022820190306826500000004127105320190304070604035825300100000000041270000142000001981829    4                       1         
G0793003000026716    2019022820190306826500000004750105320190204070467035739100100000000047500000142000001991829    4                       1         
G0793003000026716    2019022820190306826800000007200105320190204071001035778500100000000072000000142000002001829    4                       1         
G0793003000026716    2019022820190306826400000006500105320190204070473035739600100000000065000000142000002011829    4                       1         
G0793003000026716    2019022820190306826200000004640105320190304070762035837500100000000046400000142000002021829    4                       1         
G0793003000026716    2019022820190306826300000000038105320190304070473035816600100000000000380000142000002031829    4                       1         
G0793003000026716    2019022820190306826100000004150105320190204070036035708500100000000041500000142000002041829    4                       1         
G0793003000026716    2019022820190306826700000001332105320190304070656035829200100000000013320000142000002051829    4                       1         
G0793003000026716    2019022820190306826800000004118105320190304070624035826900100000000041180000142000002061829    4                       1         
G0793003000026716    2019022820190306826900000015000105320190103070505035665300100000000150000000142000002071829    4                       1         
G0793003000026716    2019022820190306826600000004713105320190304070956035851300100000000047130000142000002081829    4                       1         
G0793003000026716    2019022820190306826700000001332105320190304070638035827900100000000013320000142000002091829    4                       1         
G0793003000026716    2019022820190306826100000006650105320190214000652010426600100000000066500000142000002101829    4                       1         
G0793003000026716    2019022820190306826700000006140105320190314000837010561800100000000061400000142000002111829    4                       1         
G0793003000026716    2019022820190306826700000004290105320190314001744010616700100000000042900000142000002121829    4                       1         
G0793003000026716    2019022820190306826700000004290105320190314001287010588100100000000042900000142000002131829    4                       1         
G0793003000026716    2019022820190306826700000004290105320190314000734010553200100000000042900000142000002141829    4                       1         
G0793003000026716    2019022820190306826700000004290105320190314000520010537600100000000042900000142000002151829    4                       1         
G0793003000026716    2019022820190306826700000004290105320190314000513010537100100000000042900000142000002161829    4                       1         
G0793003000026716    2019022820190306826700000004290105320190314000296010523500100000000042900000142000002171829    4                       1         
G0793003000026716    2019022820190306826700000004290105320190314000178010515200100000000042900000142000002181829    4                       1         
G0793003000026716    2019022820190306826600000011850105320190214001142010459100100000000118500000142000002191829    4                       1         
G0793003000026716    2019022820190306826000000009350105320190114000604010299700100000000093500000142000002201829    4                       1         
G0793003000026716    2019022820190306826000000008500105320190214000681010428700100000000085000000142000002211829    4                       1         
G0793003000026716    2019022820190306826000000007250105320190214000944010447900100000000072500000142000002221829    4                       1         
G0793003000026716    2019022820190306826000000005800105320190214001654010491500100000000058000000142000002231829    4                       1         
G0793003000026716    2019022820190306826000000004300105320190214000414010410000100000000043000000142000002241829    4                       1         
G0793003000026716    2019022820190306826000000004290105320190314001536010603900100000000042900000142000002251829    4                       1         
G0793003000026716    2019022820190306826000000004290105320190314001394010595000100000000042900000142000002261829    4                       1         
G0793003000026716    2019022820190306826000000004290105320190314000866010563900100000000042900000142000002271829    4                       1         
G0793003000026716    2019022820190306826000000004290105320190314000105010509800100000000042900000142000002281829    4                       1         
G0793003000026716    2019022820190306826800000007250105320190214000967010449500100000000072500000142000002291829    4                       1         
G0793003000026716    2019022820190306826800000006850105320190314001777010618900100000000068500000142000002301829    4                       1         
G0793003000026716    2019022820190306826800000004882105320190314000580010541800100000000048820000142000002311829    4                       1         
G0793003000026716    2019022820190306826800000004300105320190214001195010462100100000000043000000142000002321829    4                       1         
G0793003000026716    2019022820190306826400000006050105320190214001298010469100100000000060500000142000002331829    4                       1         
G0793003000026716    2019022820190306826300000004090105320190304070659035829500100000000040900000142000002341829    4                       1         
G0793003000026716    2019022820190306826400000004864105320190314001096010576300100000000048640000142000002351829    4                       1         
G0793003000026716    2019022820190306826400000004450105320190214000671010428100100000000044500000142000002361829    4                       1         
G0793003000026716    2019022820190306826400000004396105320190314001095010576200100000000043960000142000002371829    4                       1         
G0793003000026716    2019022820190306826400000004300105320190214001351010472200100000000043000000142000002381829    4                       1         
G0793003000026716    2019022820190306826400000004300105320190214001157010460200100000000043000000142000002391829    4                       1         
G0793003000026716    2019022820190306826400000004295105320190314000213010517800100000000042950000142000002401829    4                       1         
G0793003000026716    2019022820190306826400000004290105320190314001713010614800100000000042900000142000002411829    4                       1         
G0793003000026716    2019022820190306826800000001320105320190304070022035785300100000000013200000142000002421829    4                       1         
G0793003000026716    2019022820190306826100000004123105320190304070620035826600100000000041230000142000002431829    4                       1         
G0793003000026716    2019022820190306826400000004290105320190314001475010600500100000000042900000142000002441829    4                       1         
G0793003000026716    2019022820190306826400000004290105320190314000920010566300100000000042900000142000002451829    4                       1         
G0793003000026716    2019022820190306826400000004290105320190314000459010533700100000000042900000142000002461829    4                       1         
G0793003000026716    2019022820190306826400000004264105320190314000096010509300100000000042640000142000002471829    4                       1         
G0793003000026716    2019022820190306826400000004244105320190314000641010546300100000000042440000142000002481829    4                       1         
G0793003000026716    2019022820190306826400000004090105320190304070782035838900100000000040900000142000002491829    4                       1         
G0793003000026716    2019022820190306826500000004300105320190214001078010455300100000000043000000142000002501829    4                       1         
G0793003000026716    2019022820190306826500000004350105320190214001709010495200100000000043500000142000002511829    4                       1         
G0793003000026716    2019022820190306826000000003882105320190304060542002702100100000000038820000142000002523738    4                       1         
G0793003000026716    2019022820190306826400000004354105320190304000029002600300100000000043540000142000002531116    4                       1         
G0793003000026716    2019022820190306826400000004270105320190304000279002613900100000000042700000142000002541116    4                       1         
G0793003000026716    2019022820190306826400000004150105320190204000099002555600100000000041500000142000002551116    4                       1         
G0793003000026716    2019022820190306826400000004150105320190204000043002553100100000000041500000142000002561116    4                       1         
G0793003000026716    2019022820190306826500000007878105320190306000648045054200100000000078780000142000002571829    4                       1         
G0793003000026716    2019022820190306826600000004230105320190306000031045002500100000000042300000142000002581829    4                       1         
G0793003000026716    2019022820190306826500000004230105320190306000607045051300100000000042300000142000002591829    4                       1         
G0793003000026716    2019022820190306826200000004230105320190306000588045049800100000000042300000142000002601829    4                       1         
G0793003000026716    2019022820190306826200000004230105320190306000380045031800100000000042300000142000002611829    4                       1         
G0793003000026716    2019022820190306826200000004230105320190306000042045003500100000000042300000142000002621829    4                       1         
G0793003000026716    2019022820190306826100000004230105320190306000485045041000100000000042300000142000002631829    4                       1         
G0793003000026716    2019022820190306826800000004230105320190306000375045031400100000000042300000142000002641829    4                       1         
G0793003000026716    2019022820190306826900000004230105320190306000533045045000100000000042300000142000002651829    4                       1         
G0793003000026716    2019022820190306826900000004230105320190306000249045021600100000000042300000142000002661829    4                       1         
G0793003000026716    2019022820190306826900000004230105320190306000222045019400100000000042300000142000002671829    4                       1         
G0793003000026716    2019022820190306826900000004230105320190306000047045003900100000000042300000142000002681829    4                       1         
G0793003000026716    2019022820190306826000000004230105320190306000482045040700100000000042300000142000002691829    4                       1         
G0793003000026716    2019022820190306826700000005973105320190306000238045020800100000000059730000142000002701829    4                       1         
G0793003000026716    2019022820190306826000000004230105320190306000423045035200100000000042300000142000002711829    4                       1         
G0793003000026716    2019022820190306826000000004230105320190306000188045016100100000000042300000142000002721829    4                       1         
G0793003000026716    2019022820190306826300000001384105320190221000893014341900100000000013840000142000002733089    4                       1         
G0793003000026716    2019022820190306826200000015300105320190121000431014215200100000000153000000142000002743089    4                       1         
G0793003000026716    2019022820190306826300000004972105320190221000845014338700100000000049720000142000002753089    4                       1         
G0793003000026716    2019022820190306826200000004424105320190221000027014266300100000000044240000142000002763089    4                       1         
G0793003000026716    2019022820190306826200000007118105320190221000153014278100100000000071180000142000002773089    4                       1         
G0793003000026716    2019022820190306826200000004455105320190221000566014315300100000000044550000142000002783089    4                       1         
G0793003000026716    2019022820190306826200000001300105320190121000905014256500100000000013000000142000002793089    4                       1         
G0793003000026716    2019022820190306826100000004608105320190221000836014338000100000000046080000142000002803089    4                       1         
G0793003000026716    2019022820190306826800000001470105320190221000874014340600100000000014700000142000002813089    4                       1         
G0793003000026716    2019022820190306826500000003761105320190221000905014343000100000000037610000142000002823089    4                       1         
G0793003000026716    2019022820190306826400000007200105320190121000836014251300100000000072000000142000002833089    4                       1         
G0793003000026716    2019022820190306826500000001394105320190221000503014309800100000000013940000142000002843089    4                       1         
G0793003000026716    2019022820190306826400000011377105320190221000223014284300100000000113770000142000002853089    4                       1         
G0793003000026716    2019022820190306826600000004895105320190221000595014317600100000000048950000142000002863089    4                       1         
G0793003000026716    2019022820190306826600000004574105320190221000273014288700100000000045740000142000002873089    4                       1         
G0793003000026716    2019022820190306826600000004300105320190121000155014190800100000000043000000142000002883089    4                       1         
G0793003000026716    2019022820190306826600000004290105320190221000122014275300100000000042900000142000002893089    4                       1         
G0793003000026716    2019022820190306826700000005199105320190221000885014341500100000000051990000142000002903089    4                       1         
G0793003000026716    2019022820190306826700000004551105320190221000535014312700100000000045510000142000002913089    4                       1         
G0793003000026716    2019022820190306826700000004420105320190221000795014334600100000000044200000142000002923089    4                       1         
G0793003000026716    2019022820190306826100000003550105320190121000874014254200100000000035500000142000002933089    4                       1         
G0793003000026716    2019022820190306826000000004431105320190221000046014268200100000000044310000142000002943089    4                       1         
G0793003000026716    2019022820190306826000000003860105320190304061095002750400100000000038600000142000002953738    4                       1         
G0793003000026716    2019022820190306826600000003932105320190304060791002724400100000000039320000142000002963738    4                       1         
G0793003000026716    2019022820190306826600000003896105320190304060754002721000100000000038960000142000002973738    4                       1         
G0793003000026716    2019022820190306826600000003882105320190304060567002704200100000000038820000142000002983738    4                       1         
G0793003000026716    2019022820190306826900000004230105320190306001003028071100100000000042300000142000002994481    4                       1         
G0793003000026716    2019022820190306826900000004230105320190306000744028050600100000000042300000142000003004481    4                       1         
G0793003000026716    2019022820190306826900000004230105320190306000705028047300100000000042300000142000003014481    4                       1         
G0793003000026716    2019022820190306826600000003882105320190304060366002687400100000000038820000142000003023738    4                       1         
G0793003000026716    2019022820190306826600000003882105320190304060276002679800100000000038820000142000003033738    4                       1         
G0793003000026716    2019022820190306826600000003833105320190304060803002725600100000000038330000142000003043738    4                       1         
G0793003000026716    2019022820190306826900000004230105320190306000668028044200100000000042300000142000003054481    4                       1         
G0793003000026716    2019022820190306826500000004260105320190215000570018107600100000000042600000142000003061141    4                       1         
G0793003000026716    2019022820190306826800000007165105320190215000656018115300100000000071650000142000003071141    4                       1         
G0793003000026716    2019022820190306826900000004230105320190215000551018106000100000000042300000142000003081141    4                       1         
G0793003000026716    2019022820190306826000000004250105320190215000268018082300100000000042500000142000003091141    4                       1         
G0793003000026716    2019022820190306826700000004355105320190215000109018070000100000000043550000142000003101141    4                       1         
G0793003000026716    2019022820190306826500000019550105320190215000290018084300100000000195500000142000003111141    4                       1         
G0793003000026716    2019022820190306826500000004362105320190215000192018076700100000000043620000142000003121141    4                       1         
G0793003000026716    2019022820190306826500000004260105320190215000455018097700100000000042600000142000003131141    4                       1         
G0793003000026716    2019022820190306826400000004230105320190306000535028033600100000000042300000142000003144481    4                       1         
G0793003000026716    2019022820190306826300000004230105320190306000853028059800100000000042300000142000003154481    4                       1         
G0793003000026716    2019022820190306826300000004230105320190306000567028036100100000000042300000142000003164481    4                       1         
G0793003000026716    2019022820190306826300000004230105320190306000512028031600100000000042300000142000003174481    4                       1         
G0793003000026716    2019022820190306826300000004230105320190306000385028022400100000000042300000142000003184481    4                       1         
G0793003000026716    2019022820190306826200000004811105320190306000559028035500100000000048110000142000003194481    4                       1         
G0793003000026716    2019022820190306826200000004230105320190306000917028064700100000000042300000142000003204481    4                       1         
G0793003000026716    2019022820190306826200000004230105320190306000846028059400100000000042300000142000003214481    4                       1         
G0793003000026716    2019022820190306826200000004230105320190306000732028049400100000000042300000142000003224481    4                       1         
G0793003000026716    2019022820190306826900000004230105320190306000310028018400100000000042300000142000003234481    4                       1         
G0793003000026716    2019022820190306826900000004230105320190306000001028000100100000000042300000142000003244481    4                       1         
G0793003000026716    2019022820190306826600000004230105320190306001051028074600100000000042300000142000003254481    4                       1         
G0793003000026716    2019022820190306826600000004230105320190306001024028072900100000000042300000142000003264481    4                       1         
G0793003000026716    2019022820190306826600000004230105320190306000923028065100100000000042300000142000003274481    4                       1         
G0793003000026716    2019022820190306826600000004230105320190306000840028059000100000000042300000142000003284481    4                       1         
G0793003000026716    2019022820190306826600000004230105320190306000832028058500100000000042300000142000003294481    4                       1         
G0793003000026716    2019022820190306826600000004230105320190306000500028030700100000000042300000142000003304481    4                       1         
G0793003000026716    2019022820190306826600000004230105320190306000367028021400100000000042300000142000003314481    4                       1         
G0793003000026716    2019022820190306826600000004230105320190306000361028021200100000000042300000142000003324481    4                       1         
G0793003000026716    2019022820190306826600000004230105320190306000242028014400100000000042300000142000003334481    4                       1         
G0793003000026716    2019022820190306826200000004230105320190306000722028048500100000000042300000142000003344481    4                       1         
G0793003000026716    2019022820190306826200000004230105320190306000704028047200100000000042300000142000003354481    4                       1         
G0793003000026716    2019022820190306826200000004230105320190306000644028042100100000000042300000142000003364481    4                       1         
G0793003000026716    2019022820190306826200000004230105320190306000469028028100100000000042300000142000003374481    4                       1         
G0793003000026716    2019022820190306826100000004230105320190306000971028068700100000000042300000142000003384481    4                       1         
G0793003000026716    2019022820190306826100000004230105320190306000630028041000100000000042300000142000003394481    4                       1         
G0793003000026716    2019022820190306826100000004230105320190306000540028033900100000000042300000142000003404481    4                       1         
G0793003000026716    2019022820190306826100000004230105320190306000490028029700100000000042300000142000003414481    4                       1         
G0793003000026716    2019022820190306826100000004230105320190306000403028023800100000000042300000142000003424481    4                       1         
G0793003000026716    2019022820190306826100000004230105320190306000198028011000100000000042300000142000003434481    4                       1         
G0793003000026716    2019022820190306826800000004230105320190306001013028072000100000000042300000142000003444481    4                       1         
G0793003000026716    2019022820190306826800000004230105320190306000829028058200100000000042300000142000003454481    4                       1         
G0793003000026716    2019022820190306826800000004230105320190306000788028054800100000000042300000142000003464481    4                       1         
G0793003000026716    2019022820190306826800000004230105320190306000674028044800100000000042300000142000003474481    4                       1         
G0793003000026716    2019022820190306826800000004230105320190306000586028037600100000000042300000142000003484481    4                       1         
G0793003000026716    2019022820190306826800000004230105320190306000555028035100100000000042300000142000003494481    4                       1         
G0793003000026716    2019022820190306826800000004230105320190306000006028000400100000000042300000142000003504481    4                       1         
G0793003000026716    2019022820190306826700000012632105320190306000017028001100100000000126320000142000003514481    4                       1         
G0793003000026716    2019022820190306826500000004230105320190306000999028070700100000000042300000142000003524481    4                       1         
G0793003000026716    2019022820190306826500000004230105320190306000754028051600100000000042300000142000003534481    4                       1         
G0793003000026716    2019022820190306826600000004230105320190306000049028002800100000000042300000142000003544481    4                       1         
G0793003000026716    2019022820190306826700000004230105320190306000875028061600100000000042300000142000003554481    4                       1         
G0793003000026716    2019022820190306826600000005973105320190306000346028020600100000000059730000142000003564481    4                       1         
G0793003000026716    2019022820190306826100000006554105320190306000947028067000100000000065540000142000003574481    4                       1         
G0793003000026716    2019022820190306826000000004230105320190306000936028066100100000000042300000142000003584481    4                       1         
G0793003000026716    2019022820190306826000000004230105320190306000738028050000100000000042300000142000003594481    4                       1         
G0793003000026716    2019022820190306826000000004230105320190306000560028035600100000000042300000142000003604481    4                       1         
G0793003000026716    2019022820190306826000000004230105320190306000113028006000100000000042300000142000003614481    4                       1         
G0793003000026716    2019022820190306826100000005392105320190306000299028017600100000000053920000142000003624481    4                       1         
G0793003000026716    2019022820190306826400000005973105320190306000766028052800100000000059730000142000003634481    4                       1         
G0793003000026716    2019022820190306826500000008676105320190304000143002606100100000000086760000142000003641116    4                       1         
G0793003000026716    2019022820190306826300000005790105320190304000499002624900100000000057900000142000003651116    4                       1         
G0793003000026716    2019022820190306826300000004254105320190304000474002623500100000000042540000142000003661116    4                       1         
G0793003000026716    2019022820190306826200000004245105320190304000804002643500100000000042450000142000003671116    4                       1         
G0793003000026716    2019022820190306826200000004150105320190204000746002593300100000000041500000142000003681116    4                       1         
G0793003000026716    2019022820190306826100000004270105320190304000359002618000100000000042700000142000003691116    4                       1         
G0793003000026716    2019022820190306826100000004270105320190304000144002606200100000000042700000142000003701116    4                       1         
G0793003000026716    2019022820190306826100000004150105320190204000222002563300100000000041500000142000003711116    4                       1         
G0793003000026716    2019022820190306826800000004245105320190304000116002604700100000000042450000142000003721116    4                       1         
G0793003000026716    2019022820190306826500000004230105320190306000666028044000100000000042300000142000003734481    4                       1         
G0793003000026716    2019022820190306826500000004230105320190306000394028023200100000000042300000142000003744481    4                       1         
G0793003000026716    2019022820190306826400000008460105320190306000599028038600100000000084600000142000003754481    4                       1         
G0793003000026716    2019022820190306826100000007135105320190306001037028073800100000000071350000142000003764481    4                       1         
G0793003000026716    2019022820190306826900000007135105320190306000867028061000100000000071350000142000003774481    4                       1         
G0793003000026716    2019022820190306826800000004150105320190204000223002563400100000000041500000142000003781116    4                       1         
G0793003000026716    2019022820190306826500000004150105320190204000792002596600100000000041500000142000003791116    4                       1         
G0793003000026716    2019022820190306826500000004150105320190103000530002531000100000000041500000142000003801116    4                       1         
G0793003000026716    2019022820190306826600000004270105320190304000610002631600100000000042700000142000003811116    4                       1         
G0793003000026716    2019022820190306826600000004270105320190304000013002599300100000000042700000142000003821116    4                       1         
G0793003000026716    2019022820190306826600000004150105320190204000202002561800100000000041500000142000003831116    4                       1         
G0793003000026716    2019022820190306826600000004150105320190103000792002548600100000000041500000142000003841116    4                       1         
G0793003000026716    2019022820190306826700000004372105320190304000155002607000100000000043720000142000003851116    4                       1         
G0793003000026716    2019022820190306826400000004300105320190306005654006909900100000000043000000142000003863863    4                       1         
G0793003000026716    2019022820190306826300000024917105320190215000604018110700100000000249170000142000003871141    4                       1         
G0793003000026716    2019022820190306826800000006400105320190204071018035779500100000000064000000142000003881829    4                       1         
G0793003000026716    2019022820190306826300000004928105320190306003480006881900100000000049280000142000003893863    4                       1         
G0793003000026716    2019022820190306826100000004350105320190205002370006801100100000000043500000142000003903863    4                       1         
G0793003000026716    2019022820190306826800000003353105320190306002070006869200100000000033530000142000003913863    4                       1         
G0793003000026716    2019022820190306826300000003153105320190306001270006862400100000000031530000142000003923863    4                       1         
G0793003000026716    2019022820190306826800000005250105320190205004290006818800100000000052500000142000003933863    4                       1         
G0793003000026716    2019022820190306826500000004900105320190205004710006822600100000000049000000142000003943863    4                       1         
G0793003000026716    2019022820190306826800000005423105320190304070949035850600100000000054230000142000003951829    4                       1         
G0793003000026716    2019022820190306826500000004260105320190215000311018086100100000000042600000142000003961141    4                       1         
G0793003000026716    2019022820190306826400000001326105320190304070066035788400100000000013260000142000003971829    4                       1         
G0793003000026716    2019022820190306826000000004090105320190304070254035800300100000000040900000142000003981829    4                       1         
G0793003000026716    2019022820190306826700000010185105320190301000300000719000100000000101850000142000003991141    4                       1         
G0793003000026716    2019022820190306826100000007336105320190301000110000705300100000000073360000142000004001141    4                       1         
G0793003000026716    2019022820190306826400000010300105320190201001029000610100100000000103000000142000004011141    4                       1         
G0793003000026716    2019022820190306826300000004200105320190115000294018024200100000000042000000142000004021141    4                       1         
G0793003000026716    2019022820190306826500000004230105320190315000734018121200100000000042300000142000004031141    4                       1         
G0793003000026716    2019022820190306826900000007850105320190201000110000537900100000000078500000142000004041141    4                       1         
G0793003000026716    2019022820190306826900000004400105320190301001546000809600100000000044000000142000004051141    4                       1         
G0793003000026716    2019022820190306826900000004390105320190301000917000766900100000000043900000142000004061141    4                       1         
G0793003000026716    2019022820190306826900000004350105320190201001595000648900100000000043500000142000004071141    4                       1         
G0793003000026716    2019022820190306826900000004300105320190201001446000638600100000000043000000142000004081141    4                       1         
G0793003000026716    2019022820190306826900000004290105320190301001790000826400100000000042900000142000004091141    4                       1         
G0793003000026716    2019022820190306826900000004290105320190301000466000732300100000000042900000142000004101141    4                       1         
G0793003000026716    2019022820190306826900000004290105320190301000053000701100100000000042900000142000004111141    4                       1         
G0793003000026716    2019022820190306826900000004276105320190301001214000788000100000000042760000142000004121141    4                       1         
G0793003000026716    2019022820190306826600000004850105320190205003540006812100100000000048500000142000004133863    4                       1         
G0793003000026716    2019022820190306826600000004800105320190205001125006789900100000000048000000142000004143863    4                       1         
G0793003000026716    2019022820190306826900000004200105320190201001933000673000100000000042000000142000004151141    4                       1         
G0793003000026716    2019022820190306826600000004399105320190301002201000855300100000000043990000142000004161141    4                       1         
G0793003000026716    2019022820190306826600000004390105320190301001946000837000100000000043900000142000004171141    4                       1         
G0793003000026716    2019022820190306826300000003100105320190306005770006912400100000000031000000142000004183863    4                       1         
G0793003000026716    2019022820190306826000000010435105320190306005620006907500100000000104350000142000004193863    4                       1         
G0793003000026716    2019022820190306826000000004700105320190205005922006844700100000000047000000142000004203863    4                       1         
G0793003000026716    2019022820190306826800000003200105320190205001620006794400100000000032000000142000004213863    4                       1         
G0793003000026716    2019022820190306826800000003200105320181205005605006693900100000000032000000142000004223863    4                       1         
G0793003000026716    2019022820190306826200000003800105320190306002860006876200100000000038000000142000004233863    4                       1         
G0793003000026716    2019022820190306826600000004290105320190301000392000726300100000000042900000142000004241141    4                       1         
G0793003000026716    2019022820190306826600000004290105320190301000180000710000100000000042900000142000004251141    4                       1         
G0793003000026716    2019022820190306826600000004290105320190301000010000698100100000000042900000142000004261141    4                       1         
G0793003000026716    2019022820190306826700000004300105320190201000100000537300100000000043000000142000004271141    4                       1         
G0793003000026716    2019022820190306826700000004275105320190301000328000721400100000000042750000142000004281141    4                       1         
G0793003000026716    2019022820190306826600000007451105320190301000782000756700100000000074510000142000004291141    4                       1         
G0793003000026716    2019022820190306826000000010850105320190301000534000737800100000000108500000142000004301141    4                       1         
G0793003000026716    2019022820190306826000000004400105320190201001362000633300100000000044000000142000004311141    4                       1         
G0793003000026716    2019022820190306826000000004290105320190301000623000745000100000000042900000142000004321141    4                       1         
G0793003000026716    2019022820190306826800000017900105320190201000530000571400100000000179000000142000004331141    4                       1         
G0793003000026716    2019022820190306826800000008850105320190201001811000664600100000000088500000142000004341141    4                       1         
G0793003000026716    2019022820190306826800000003178105320190306005534006901000100000000031780000142000004353863    4                       1         
G0793003000026716    2019022820190306826500000004100105320190205002491006802200100000000041000000142000004363863    4                       1         
G0793003000026716    2019022820190306826500000003100105320190205005605006836100100000000031000000142000004373863    4                       1         
G0793003000026716    2019022820190306826900000007600105320190205004520006820800100000000076000000142000004383863    4                       1         
G0793003000026716    2019022820190306826800000006798105320190301000836000760800100000000067980000142000004391141    4                       1         
G0793003000026716    2019022820190306826800000005050105320190201001223000624400100000000050500000142000004401141    4                       1         
G0793003000026716    2019022820190306826900000006350105320190205000860006787400100000000063500000142000004413863    4                       1         
G0793003000026716    2019022820190306826900000004745105320190306004270006888900100000000047450000142000004423863    4                       1         
G0793003000026716    2019022820190306826800000004360105320190301000802000758200100000000043600000142000004431141    4                       1         
G0793003000026716    2019022820190306826800000004300105320190201001613000650200100000000043000000142000004441141    4                       1         
G0793003000026716    2019022820190306826800000004300105320190201000838000596100100000000043000000142000004451141    4                       1         
G0793003000026716    2019022820190306826800000004300105320190201000090000536400100000000043000000142000004461141    4                       1         
G0793003000026716    2019022820190306826800000004299105320190301001144000783200100000000042990000142000004471141    4                       1         
G0793003000026716    2019022820190306826400000005600105320190201001610000649900100000000056000000142000004481141    4                       1         
G0793003000026716    2019022820190306826400000004431105320190301000186000710300100000000044310000142000004491141    4                       1         
G0793003000026716    2019022820190306826400000004290105320190301001270000791600100000000042900000142000004501141    4                       1         
G0793003000026716    2019022820190306826400000004290105320190301000780000756500100000000042900000142000004511141    4                       1         
G0793003000026716    2019022820190306826500000009700105320190201001337000631500100000000097000000142000004521141    4                       1         
G0793003000026716    2019022820190306826500000004350105320190201001547000645700100000000043500000142000004531141    4                       1         
G0793003000026716    2019022820190306826500000004350105320190201001419000637000100000000043500000142000004541141    4                       1         
G0793003000026716    2019022820190306826500000004290105320190301000794000757600100000000042900000142000004551141    4                       1         
G0793003000026716    2019022820190306826500000004283105320190301000399000726900100000000042830000142000004561141    4                       1         
G0793003000026716    2019022820190306826000000004050105320190204070191035717600100000000040500000142000004571829    4                       1         
G0793003000026716    2019022820190306826600000004090105320190304070871035845000100000000040900000142000004581829    4                       1         
G0793003000026716    2019022820190306826600000004090105320190304070648035828600100000000040900000142000004591829    4                       1         
G0793003000026716    2019022820190306826000000001353105320190304070483035817400100000000013530000142000004601829    4                       1         
G0793003000026716    2019022820190306826100000004260105320190215000322022101300100000000042600000142000004613738    4                       1         
G0793003000026716    2019022820190306826500000004300105320190214000683010428900100000000043000000142000004621829    4                       1         
G0793003000026716    2019022820190306826000000003850105320181206000857095596300100000000038500000142000004634481    4                       1         
G0793003000026716    2019022820190306826800000007135105320190225000258024025000100000000071350000142000004641737    4                       1         
G0793003000026716    2019022820190306826000000003850105320181107000857000085200100000000038500000142000004654481    4                       1         
G0793003000026716    2019022820190306826300000007213105320190304060587002705600100000000072130000142000004663738    4                       1         
G0793003000026716    2019022820190306826200000004429105320190221000746014330600100000000044290000142000004673089    4                       1         
G0793003000026716    2019022820190306826600000005000105320190221000031014266700100000000050000000142000004683089    4                       1         
G0793003000026716    2019022820190306826600000004230105320190225000060024005700100000000042300000142000004691737    4                       1         
G0793003000026716    2019022820190306826500000004090105320190304070940035850000100000000040900000142000004701829    4                       1         
G0793003000026716    2019022820190306826600000004230105320190225000661024064300100000000042300000142000004711737    4                       1         
G0793003000026716    2019022820190306826600000004090105320190304070175035793700100000000040900000142000004721829    4                       1         
G0793003000026716    2019022820190306826300000004077105320190306005270006897900100000000040770000142000004730793    4                       1         
G0793003000026716    2019022820190306826500000004230105320190225000425024041100100000000042300000142000004741737    4                       1         
G0793003000026716    2019022820190306826900000003250105320190205005581006834300100000000032500000142000004750793    4                       1         
G0793003000026716    2019022820190306826600000003154105320190306005325006898400100000000031540000142000004760793    4                       1         
G0793003000026716    2019022820190306826100000004811105320190225000431024041700100000000048110000142000004771737    4                       1         
G0793003000026716    2019022820190306826500000004397105320190304000077002602600100000000043970000142000004783464    4                       1         
G0793003000026716    2019022820190306826300000007878105320190225000550024053300100000000078780000142000004791737    4                       1         
G0793003000026716    2019022820190306826300000004230105320190225000502024048600100000000042300000142000004801737    4                       1         
G0793003000026716    2019022820190306826200000004230105320190225000400024038900100000000042300000142000004811737    4                       1         
G0793003000026716    2019022820190306826500000004230105320190225000540024052400100000000042300000142000004821737    4                       1         
G0793003000026716    2019022820190306826900000004811105320190225000517024050100100000000048110000142000004831737    4                       1         
G0793003000026716    2019022820190306826600000004230105320190225000583024056500100000000042300000142000004841737    4                       1         
G0793003000026716    2019022820190306826700000004230105320190225000667024064900100000000042300000142000004851737    4                       1         
G0793003000026716    2019022820190306826000000004230105320190225000485024046900100000000042300000142000004861737    4                       1         
G0793003000026716    2019022820190306826000000004230105320190225000476024046000100000000042300000142000004871737    4                       1         
G0793003000026716    2019022820190306826800000008460105320190225000492024047600100000000084600000142000004881737    4                       1         
G0793003000026716    2019022820190306826200000003181105320190306000280006853300100000000031810000142000004893863    4                       1         
G0793003000026716    2019022820190306826600000006100105320190306006004006919800100000000061000000142000004903863    4                       1         
G0793003000026716    2019022820190306826800000016500105320190121000434014215500100000000165000000142000004913089    4                       1         
G0793003000026716    2019022820190306826100000003100105320190306005710006911200100000000031000000142000004923863    4                       1         
G0793003000026716    2019022820190306826800000005350105320190121000255014199500100000000053500000142000004933089    4                       1         
G0793003000026716    2019022820190306826800000004300105320190121000566014227700100000000043000000142000004943089    4                       1         
G0793003000026716    2019022820190306826000000003761105320190221000359014296600100000000037610000142000004953089    4                       1         
G0793003000026716    2019022820190306826400000005800105320190121000670014237100100000000058000000142000004963089    4                       1         
G0793003000026716    2019022820190306826400000005461105320190221000693014326300100000000054610000142000004973089    4                       1         
G0793003000026716    2019022820190306826400000004863105320190221000141014277000100000000048630000142000004983089    4                       1         
G0793003000026716    2019022820190306826400000004323105320190221000155014278300100000000043230000142000004993089    4                       1         
G0793003000026716    2019022820190306826400000004307105320190221000670014324300100000000043070000142000005003089    4                       1         
G0793003000026716    2019022820190306826400000001362105320190221000430014303000100000000013620000142000005013089    4                       1         
G0793003000026716    2019022820190306826600000002798105320190302000431014347900100000000027980000142000005023089    4                       1         
G0793003000026716    2019022820190306826600000001300105320190121000359014208800100000000013000000142000005033089    4                       1         
G0793003000026716    2019022820190306826500000007041105320190221000830014337500100000000070410000142000005043089    4                       1         
G0793003000026716    2019022820190306826500000006550105320181221000579014143200100000000065500000142000005053089    4                       1         
G0793003000026716    2019022820190306826500000004800105320190121000885014255100100000000048000000142000005063089    4                       1         
G0793003000026716    2019022820190306826500000004414105320190221000722014328900100000000044140000142000005073089    4                       1         
G0793003000026716    2019022820190306826900000004292105320190225070061020285400100000000042920000142000005081829    4                       1         
G0793003000026716    2019022820190306826100000004225105320190225070000020282700100000000042250000142000005091829    4                       1         
G0793003000026716    2019022820190306826200000004050105320190124070195020267000100000000040500000142000005101829    4                       1         
G0793003000026716    2019022820190306826700000006435105320190225070028020283800100000000064350000142000005111829    4                       1         
G0793003000026716    2019022820190306826500000004206105320190225070175020292500100000000042060000142000005121829    4                       1         
G0793003000026716    2019022820190306826500000004260105320190215000465022113700100000000042600000142000005133738    4                       1         
G0793003000026716    2019022820190306826200000008470105320190215000163022086600100000000084700000142000005143738    4                       1         
G0793003000026716    2019022820190306826100000004260105320190215000828022142300100000000042600000142000005153738    4                       1         
G0793003000026716    2019022820190306826200000004260105320190215000268022096400100000000042600000142000005163738    4                       1         
G0793003000026716    2019022820190306826200000004260105320190215000618022127400100000000042600000142000005173738    4                       1         
G0793003000026716    2019022820190306826800000004260105320190215000317022100800100000000042600000142000005183738    4                       1         
G0793003000026716    2019022820190306826000000004260105320190215000691022133100100000000042600000142000005193738    4                       1         
G0793003000026716    2019022820190306826000000004260105320190215000732022136000100000000042600000142000005203738    4                       1         
G0793003000026716    2019022820190306826000000004260105320190215000199022090000100000000042600000142000005213738    4                       1         
G0793003000026716    2019022820190306826200000003100105320190306005740006911800100000000031000000142000005223863    4                       1         
G0793003000026716    2019022820190306826500000004271105320190301000720000751500100000000042710000142000005231141    4                       1         
G0793003000026716    2019022820190306826500000004281105320190314000899010565200100000000042810000142000005241829    4                       1         
G0793003000026716    2019022820190306826200000008450105320190214001495010482000100000000084500000142000005251829    4                       1         
G0793003000026716    2019022820190306826300000006040105320190314001561010605000100000000060400000142000005261829    4                       1         
G0793003000026716    2019022820190306826300000004350105320190214000456010412600100000000043500000142000005271829    4                       1         
G0793003000026716    2019022820190306826300000004300105320190214000335010405000100000000043000000142000005281829    4                       1         
G0793003000026716    2019022820190306826300000004290105320190314001742010616500100000000042900000142000005291829    4                       1         
G0793003000026716    2019022820190306826300000004290105320190314000969010569300100000000042900000142000005301829    4                       1         
G0793003000026716    2019022820190306826300000004290105320190314000261010520900100000000042900000142000005311829    4                       1         
G0793003000026716    2019022820190306826200000007850105320190214000441010412000100000000078500000142000005321829    4                       1         
G0793003000026716    2019022820190306826200000007167105320190314000743010554000100000000071670000142000005331829    4                       1         
G0793003000026716    2019022820190306826200000004450105320190214000178010394100100000000044500000142000005341829    4                       1         
G0793003000026716    2019022820190306826200000004426105320190314001598010607700100000000044260000142000005351829    4                       1         
G0793003000026716    2019022820190306826200000004402105320190314000737010553500100000000044020000142000005361829    4                       1         
G0793003000026716    2019022820190306826200000004300105320190214001625010490200100000000043000000142000005371829    4                       1         
G0793003000026716    2019022820190306826400000012650105320190214000604010423000100000000126500000142000005381829    4                       1         
G0793003000026716    2019022820190306826100000004758105320190306002380006872000100000000047580000142000005393863    4                       1         
G0793003000026716    2019022820190306826600000004700105320190205002990006806900100000000047000000142000005403863    4                       1         
G0793003000026716    2019022820190306826100000004739105320190306002990006877500100000000047390000142000005413863    4                       1         
G0793003000026716    2019022820190306826700000004771105320190306002220006870600100000000047710000142000005423863    4                       1         
G0793003000026716    2019022820190306826200000004300105320190214000172010393500100000000043000000142000005431829    4                       1         
G0793003000026716    2019022820190306826200000001400105320190214001014010452200100000000014000000142000005441829    4                       1         
G0793003000026716    2019022820190306826200000001318105320190304070083035789400100000000013180000142000005451829    4                       1         
G0793003000026716    2019022820190306826200000004290105320190314000703010550900100000000042900000142000005461829    4                       1         
G0793003000026716    2019022820190306826100000007889105320190314000522010537800100000000078890000142000005471829    4                       1         
G0793003000026716    2019022820190306826100000004300105320190214000630010425000100000000043000000142000005481829    4                       1         
G0793003000026716    2019022820190306826100000004290105320190314000405010530300100000000042900000142000005491829    4                       1         
G0793003000026716    2019022820190306826100000004290105320190314000378010528600100000000042900000142000005501829    4                       1         
G0793003000026716    2019022820190306826100000004290105320190314000295010523400100000000042900000142000005511829    4                       1         
G0793003000026716    2019022820190306826100000004290105320190314000250010520200100000000042900000142000005521829    4                       1         
G0793003000026716    2019022820190306826100000007879105320190314000954010568400100000000078790000142000005531829    4                       1         
G0793003000026716    2019022820190306826800000004290105320190314001711010614700100000000042900000142000005541829    4                       1         
G0793003000026716    2019022820190306826800000004260105320190314000649010547100100000000042600000142000005551829    4                       1         
G0793003000026716    2019022820190306826800000004200105320190214001472010480700100000000042000000142000005561829    4                       1         
G0793003000026716    2019022820190306826800000004200105320190214000737010433300100000000042000000142000005571829    4                       1         
G0793003000026716    2019022820190306826700000007950105320190214000001010381600100000000079500000142000005581829    4                       1         
G0793003000026716    2019022820190306826400000010350105320190214000896010444900100000000103500000142000005591829    4                       1         
G0793003000026716    2019022820190306826400000007250105320190214000018010382600100000000072500000142000005601829    4                       1         
G0793003000026716    2019022820190306826400000007164105320190314000181010515400100000000071640000142000005611829    4                       1         
G0793003000026716    2019022820190306826400000006593105320190314001471010600200100000000065930000142000005621829    4                       1         
G0793003000026716    2019022820190306826900000008480105320190314000771010556200100000000084800000142000005631829    4                       1         
G0793003000026716    2019022820190306826900000006650105320190214000276010401000100000000066500000142000005641829    4                       1         
G0793003000026716    2019022820190306826900000004390105320190314000144010512700100000000043900000142000005651829    4                       1         
G0793003000026716    2019022820190306826900000004290105320190314001678010612800100000000042900000142000005661829    4                       1         
G0793003000026716    2019022820190306826900000004290105320190314001478010600600100000000042900000142000005671829    4                       1         
G0793003000026716    2019022820190306826600000004300105320190214000507010415800100000000043000000142000005681829    4                       1         
Z00057000000000002857370                                                                                                                              
