A2201053              HIDROFORTETOCANTINS 104CAIXA ECON. FEDERAL 2019011000152703                                                                     
G0793003000026716    2019010920190110826200000004400105300100000070811035687200000000000044000000142000000011829    3                       1         
G0793003000026716    2019010920190110826700000004300105300100000070480035663400000000000043000000142000000021829    3                       1         
G0793003000026716    2019010920190110826400000004100105300100000070479035663300000000000041000000142000000031829    3                       1         
G0793003000026716    2019010920190110826400000005950105320181203001607000310700100000000059500000142000000041141    3                       1         
G0793003000026716    2019010920190110826600000007100105320190115000630022056500100000000071000000142000000053722    3                       1         
G0793003000026716    2019010920190111826100000004650105300100000061297002558000000000000046500000142000000063089    4                       1         
G0793003000026716    2019010920190111826200000005350105320181221000679014152400100000000053500000142000000073089    4                       1         
G0793003000026716    2019010920190111826000000001300105300100000070962081483000000000000013000000142000000083939    4                       1         
G0793003000026716    2019010920190111826100000004650105300100000061324002560600000000000046500000142000000093738    4                       1         
G0793003000026716    2019010920190111826000000001300105300100000070535081442400000000000013000000142000000103939    4                       1         
G0793003000026716    2019010920190111826300000004200105300100000070881035616300000000000042000000142000000111829    4                       1         
G0793003000026716    2019010920190111826200000003400105300100000005998006706700000000000034000000142000000123863    4                       1         
G0793003000026716    2019010920190111826300000004100105300100000070751035683100000000000041000000142000000131829    4                       1         
G0793003000026716    2019010920190111826600000003100105300100000005665006626600000000000031000000142000000143863    4                       1         
G0793003000026716    2019010920190111826700000004800105300100000002530006732200000000000048000000142000000153863    4                       1         
G0793003000026716    2019010920190111826700000004700105300100000000940006717100000000000047000000142000000163863    4                       1         
G0793003000026716    2019010920190111826800000005100105300100000003970006673600000000000051000000142000000173863    4                       1         
G0793003000026716    2019010920190111826800000004700105300100000004250006676300000000000047000000142000000183863    4                       1         
G0793003000026716    2019010920190111826600000013700105300100000004720006752400000000000137000000142000000193863    4                       1         
G0793003000026716    2019010920190111826800000003300105300100000005982006705900000000000033000000142000000203863    4                       1         
G0793003000026716    2019010920190111826900000004850105300100000004540006679000000000000048500000142000000213863    4                       1         
G0793003000026716    2019010920190111826900000004650105300100000004937006682400000000000046500000142000000223863    4                       1         
G0793003000026716    2019010920190111826600000003400105300100000005800006771900000000000034000000142000000233863    4                       1         
G0793003000026716    2019010920190111826700000008450105300100000002920006663900000000000084500000142000000243863    4                       1         
G0793003000026716    2019010920190111826700000007600105300100000005070006683800000000000076000000142000000253863    4                       1         
G0793003000026716    2019010920190111826600000003200105300100000006011006707600000000000032000000142000000263863    4                       1         
G0793003000026716    2019010920190111826500000009450105300100000004750006680900000000000094500000142000000273863    4                       1         
G0793003000026716    2019010920190111826500000003400105300100000003510006741600000000000034000000142000000283863    4                       1         
G0793003000026716    2019010920190111826500000003200105300100000002290006729900000000000032000000142000000293863    4                       1         
G0793003000026716    2019010920190111826600000003200105300100000005190006684700000000000032000000142000000303863    4                       1         
G0793003000026716    2019010920190111826500000003200105300100000003040006737000000000000032000000142000000313863    4                       1         
G0793003000026716    2019010920190111826500000003100105300100000005951006775300000000000031000000142000000323863    4                       1         
G0793003000026716    2019010920190111826900000005800105300100000001800006653900000000000058000000142000000333863    4                       1         
G0793003000026716    2019010920190111826900000003300105300100000001240006720300000000000033000000142000000343863    4                       1         
G0793003000026716    2019010920190111826900000004950105300100000003180006666500000000000049500000142000000353863    4                       1         
G0793003000026716    2019010920190111826300000008450105300100000002400006731000000000000084500000142000000363863    4                       1         
G0793003000026716    2019010920190111826300000004050105300100000070046035633400000000000040500000142000000371829    4                       1         
G0793003000026716    2019010920190111826300000004000105300100000004937006754200000000000040000000142000000383863    4                       1         
G0793003000026716    2019010920190111826400000003350105300100000005290006685600000000000033500000142000000393863    4                       1         
G0793003000026716    2019010920190111826000000005200105300100000070942035696300000000000052000000142000000401829    4                       1         
G0793003000026716    2019010920190111826400000005500105300100000003800006744200000000000055000000142000000413863    4                       1         
G0793003000026716    2019010920190111826100000004200105300100000070192035642000000000000042000000142000000421829    4                       1         
G0793003000026716    2019010920190111826900000007900105300100000061237002552100000000000079000000142000000433738    4                       1         
G0793003000026716    2019010920190111826200000004150105300100000070789081467200000000000041500000142000000441829    4                       1         
G0793003000026716    2019010920190111826600000003800105300100000060211002463700000000000038000000142000000453738    4                       1         
G0793003000026716    2019010920190111826900000012500105300100000070051035556300000000000125000000142000000461829    4                       1         
G0793003000026716    2019010920190111826700000003750105300100000061124002542600000000000037500000142000000473738    4                       1         
G0793003000026716    2019010920190111826800000003750105300100000061024002430400000000000037500000142000000483738    4                       1         
G0793003000026716    2019010920190111826700000004850105300100000060694002504400000000000048500000142000000493738    4                       1         
G0793003000026716    2019010920190111826800000003750105300100000060947002527400000000000037500000142000000503738    4                       1         
G0793003000026716    2019010920190111826700000004350105300100000061106002540900000000000043500000142000000513738    4                       1         
G0793003000026716    2019010920190111826600000005900105300100000060271002469000000000000059000000142000000523738    4                       1         
G0793003000026716    2019010920190111826600000005400105300100000060789002513300000000000054000000142000000533738    4                       1         
G0793003000026716    2019010920190111826600000004850105300100000060794002513800000000000048500000142000000543738    4                       1         
G0793003000026716    2019010920190111826600000003750105300100000060860002415400000000000037500000142000000553738    4                       1         
G0793003000026716    2019010920190111826500000005800105300100000060938002422600000000000058000000142000000563738    4                       1         
G0793003000026716    2019010920190111826000000004650105300100000061254002451000000000000046500000142000000573738    4                       1         
G0793003000026716    2019010920190111826800000001150105300100000060762002510900000000000011500000142000000583738    4                       1         
G0793003000026716    2019010920190111826800000003900105300100000060803002514700000000000039000000142000000593738    4                       1         
G0793003000026716    2019010920190111826800000001100105300100000061128002542900000000000011000000142000000603738    4                       1         
G0793003000026716    2019010920190111826500000004350105300100000060352002475600000000000043500000142000000613738    4                       1         
G0793003000026716    2019010920190111826500000003800105300100000060322002473000000000000038000000142000000623738    4                       1         
G0793003000026716    2019010920190111826500000003800105300100000060253002467500000000000038000000142000000633738    4                       1         
G0793003000026716    2019010920190111826300000001300105300100000070555035668600000000000013000000142000000641829    4                       1         
G0793003000026716    2019010920190111826900000005700105300100000061327002560900000000000057000000142000000653738    4                       1         
G0793003000026716    2019010920190111826300000004800105300100000002540006732300000000000048000000142000000663863    4                       1         
G0793003000026716    2019010920190111826300000004700105300100000001100006718900000000000047000000142000000673863    4                       1         
G0793003000026716    2019010920190111826300000001250105300100000070047035633500000000000012500000142000000681829    4                       1         
G0793003000026716    2019010920190111826200000004300105300100000070179035563000000000000043000000142000000691829    4                       1         
G0793003000026716    2019010920190111826100000004100105300100000070867035615400000000000041000000142000000701829    4                       1         
G0793003000026716    2019010920190111826400000004650105300100000061278002556100000000000046500000142000000713738    4                       1         
G0793003000026716    2019010920190111826400000004350105300100000061032002534900000000000043500000142000000723738    4                       1         
G0793003000026716    2019010920190111826400000003850105300100000061180002547500000000000038500000142000000733738    4                       1         
G0793003000026716    2019010920190111826400000003750105300100000060486002382600000000000037500000142000000743738    4                       1         
G0793003000026716    2019010920190111826900000003800105300100000061139002440800000000000038000000142000000753738    4                       1         
G0793003000026716    2019010920190111826400000003750105300100000060297002471200000000000037500000142000000763738    4                       1         
G0793003000026716    2019010920190111826300000006450105300100000061112002438200000000000064500000142000000773738    4                       1         
G0793003000026716    2019010920190111826300000003950105300100000061015002533400000000000039500000142000000783738    4                       1         
G0793003000026716    2019010920190111826200000004050105300100000061015002429600000000000040500000142000000793738    4                       1         
G0793003000026716    2019010920190111826100000006000105300100000061123002542500000000000060000000142000000803738    4                       1         
G0793003000026716    2019010920190111826300000003850105300100000061180002444300000000000038500000142000000813738    4                       1         
G0793003000026716    2019010920190111826300000003850105300100000060823002516200000000000038500000142000000823738    4                       1         
G0793003000026716    2019010920190111826200000017550105300100000061337002561900000000000175500000142000000833738    4                       1         
G0793003000026716    2019010920190111826200000006450105300100000061140002544100000000000064500000142000000843738    4                       1         
G0793003000026716    2019010920190111826200000006400105300100000060733002508100000000000064000000142000000853738    4                       1         
G0793003000026716    2019010920190111826200000005800105300100000061090002436100000000000058000000142000000863738    4                       1         
G0793003000026716    2019010920190111826100000004250105300100000060498002488400000000000042500000142000000873738    4                       1         
G0793003000026716    2019010920190111826100000003800105300100000060467002485700000000000038000000142000000883738    4                       1         
G0793003000026716    2019010920190111826100000003750105300100000061139002544000000000000037500000142000000893738    4                       1         
G0793003000026716    2019010920190111826100000003750105300100000061124001745300000000000037500000142000000903738    4                       1         
G0793003000026716    2019010920190111826100000003750105300100000061071002537900000000000037500000142000000913738    4                       1         
G0793003000026716    2019010920190111826000000006600105300100000060993002427700000000000066000000142000000923738    4                       1         
G0793003000026716    2019010920190111826000000005800105300100000061296002557900000000000058000000142000000933738    4                       1         
G0793003000026716    2019010920190111826000000005400105300100000060236002360700000000000054000000142000000943738    4                       1         
G0793003000026716    2019010920190111826700000004250105300100000070255035647100000000000042500000142000000951829    4                       1         
G0793003000026716    2019010920190111826100000007750105300100000070742035682600000000000077500000142000000961829    4                       1         
G0793003000026716    2019010920190111826500000001250105300100000070063035634800000000000012500000142000000971829    4                       1         
G0793003000026716    2019010920190111826600000004150105300100000070283035649400000000000041500000142000000981829    4                       1         
G0793003000026716    2019010920190111826700000004150105300100000070730035681700000000000041500000142000000991829    4                       1         
G0793003000026716    2019010920190111826700000004100105300100000070900035692800000000000041000000142000001001829    4                       1         
G0793003000026716    2019010920190111826700000004100105300100000070315035651700000000000041000000142000001011829    4                       1         
G0793003000026716    2019010920190111826700000004100105300100000070023035632100000000000041000000142000001021829    4                       1         
G0793003000026716    2019010920190111826600000004300105300100000070881035540600000000000043000000142000001031829    4                       1         
G0793003000026716    2019010920190111826500000004300105300100000070559035669000000000000043000000142000001041829    4                       1         
G0793003000026716    2019010920190111826800000004200105300100000070180035640900000000000042000000142000001051829    4                       1         
G0793003000026716    2019010920190111826600000001300105300100000070688035678400000000000013000000142000001061829    4                       1         
G0793003000026716    2019010920190111826500000004200105300100000070181035641000000000000042000000142000001071829    4                       1         
G0793003000026716    2019010920190111826500000004100105300100000070762035683800000000000041000000142000001081829    4                       1         
G0793003000026716    2019010920190111826800000005800105300100000071040035703100000000000058000000142000001091829    4                       1         
G0793003000026716    2019010920190111826900000001250105300100000070718035680700000000000012500000142000001101829    4                       1         
G0793003000026716    2019010920190111826300000005000105300100000070293035650200000000000050000000142000001111829    4                       1         
G0793003000026716    2019010920190111826100000004100105300100000070843035689400000000000041000000142000001121829    4                       1         
G0793003000026716    2019010920190111826000000004050105300100000070369020251600000000000040500000142000001131829    4                       1         
G0793003000026716    2019010920190111826100000004200105300100000071293081514700000000000042000000142000001144065    4                       1         
G0793003000026716    2019010920190111826200000003200105300100000000390006712200000000000032000000142000001153863    4                       1         
G0793003000026716    2019010920190111826300000004350105300100000070146020236800000000000043500000142000001161829    4                       1         
G0793003000026716    2019010920190111826100000005700105300100000070088020233300000000000057000000142000001171829    4                       1         
G0793003000026716    2019010920190111826700000006300105300100000070335020249700000000000063000000142000001181829    4                       1         
G0793003000026716    2019010920190111826800000011900105300100000070121020235100000000000119000000142000001191829    4                       1         
G0793003000026716    2019010920190111826400000004150105300100000070134020236100000000000041500000142000001201829    4                       1         
G0793003000026716    2019010920190111826100000004400105300100000070202020240200000000000044000000142000001211829    4                       1         
G0793003000026716    2019010920190111826300000004150105300100000070247020242900000000000041500000142000001221829    4                       1         
G0793003000026716    2019010920190111826700000004050105300100000070205020240400000000000040500000142000001231829    4                       1         
G0793003000026716    2019010920190111826000000006550105300100000070084020233000000000000065500000142000001241829    4                       1         
G0793003000026716    2019010920190111826200000003100105300100000000320006711500000000000031000000142000001253863    4                       1         
G0793003000026716    2019010920190111826100000010800105300100000004060006674500000000000108000000142000001263863    4                       1         
G0793003000026716    2019010920190111826100000006400105300100000004110006675100000000000064000000142000001273863    4                       1         
G0793003000026716    2019010920190111826100000005250105300100000003590006670500000000000052500000142000001283863    4                       1         
G0793003000026716    2019010920190111826400000003250105300100000000390006640400000000000032500000142000001293863    4                       1         
G0793003000026716    2019010920190111826100000004700105300100000004240006748000000000000047000000142000001303863    4                       1         
G0793003000026716    2019010920190111826400000003200105300100000005998006777900000000000032000000142000001313863    4                       1         
G0793003000026716    2019010920190111826300000003200105300100000003090006737500000000000032000000142000001323863    4                       1         
G0793003000026716    2019010920190111826200000009450105300100000004750006752700000000000094500000142000001333863    4                       1         
G0793003000026716    2019010920190111826100000003200105300100000004280006748400000000000032000000142000001343863    4                       1         
G0793003000026716    2019010920190111826100000003100105300100000005521006759500000000000031000000142000001353863    4                       1         
G0793003000026716    2019010920190111826100000003100105300100000000400006640500000000000031000000142000001363863    4                       1         
G0793003000026716    2019010920190111826000000008000105300100000002400006659300000000000080000000142000001373863    4                       1         
G0793003000026716    2019010920190111826000000006600105300100000006001006707000000000000066000000142000001383863    4                       1         
G0793003000026716    2019010920190111826000000005600105300100000003810006672500000000000056000000142000001393863    4                       1         
G0793003000026716    2019010920190111826000000004950105300100000004240006676200000000000049500000142000001403863    4                       1         
G0793003000026716    2019010920190111826000000003200105300100000005987006706100000000000032000000142000001413863    4                       1         
G0793003000026716    2019010920190111826000000006500105300100000070406020254300000000000065000000142000001421829    4                       1         
G0793003000026716    2019010920190111826400000004100105300100000070051035633900000000000041000000142000001431829    4                       1         
G0793003000026716    2019010920190111826500000001250105300100000070927081480100000000000012500000142000001443939    4                       1         
G0793003000026716    2019010920190111826500000001800105300100000070891081303200000000000018000000142000001453939    4                       1         
G0793003000026716    2019010920190111826600000007200105300100000061145002441400000000000072000000142000001463738    4                       1         
G0793003000026716    2019010920190111826000000004650105300100000061263002554700000000000046500000142000001473089    4                       1         
G0793003000026716    2019010920190111826000000003750105300100000061266002242500000000000037500000142000001483089    4                       1         
G0793003000026716    2019010920190111826500000011050105300100000071458081530400000000000110500000142000001493939    4                       1         
G0793003000026716    2019010920190111826700000004200105300100000070556081444400000000000042000000142000001503939    4                       1         
G0793003000026716    2019010920190111826600000012350105300100000071090081321900000000000123500000142000001513939    4                       1         
G0793003000026716    2019010920190111826600000008350105300100000070795081294000000000000083500000142000001523939    4                       1         
G0793003000026716    2019010920190111826700000001300105300100000071305081515900000000000013000000142000001533939    4                       1         
G0793003000026716    2019010920190111826400000003100105300100000005584006620900000000000031000000142000001540793    4                       1         
G0793003000026716    2019010920190111826800000001250105300100000071352081520600000000000012500000142000001553939    4                       1         
G0793003000026716    2019010920190111826600000004100105300100000070407081430800000000000041000000142000001563939    4                       1         
G0793003000026716    2019010920190111826000000004400105300100000004820006753200000000000044000000142000001570793    4                       1         
G0793003000026716    2019010920190111826800000004150105300100000071034081490000000000000041500000142000001583939    4                       1         
G0793003000026716    2019010920190111826800000004100105300100000070814035687400000000000041000000142000001593738    4                       1         
G0793003000026716    2019010920190111826300000007500105300100000061267002555100000000000075000000142000001603089    4                       1         
G0793003000026716    2019010920190111826100000004650105300100000061266002452200000000000046500000142000001613089    4                       1         
G0793003000026716    2019010920190111826200000007900105300100000061266002555000000000000079000000142000001623089    4                       1         
G0793003000026716    2019010920190111826700000004200105300100000071492081533700000000000042000000142000001633939    4                       1         
G0793003000026716    2019010920190111826600000004800105300100000070312081421700000000000048000000142000001643939    4                       1         
G0793003000026716    2019010920190111826700000004200105300100000070745081462800000000000042000000142000001653939    4                       1         
G0793003000026716    2019010920190111826600000004200105300100000071934081576000000000000042000000142000001663939    4                       1         
G0793003000026716    2019010920190111826600000001300105300100000071958081578200000000000013000000142000001673939    4                       1         
G0793003000026716    2019010920190111826700000004250105300100000070575081446100000000000042500000142000001683939    4                       1         
G0793003000026716    2019010920190111826600000004200105300100000071809081563800000000000042000000142000001693939    4                       1         
G0793003000026716    2019010920190111826700000001300105300100000071135081499700000000000013000000142000001703939    4                       1         
G0793003000026716    2019010920190111826700000001300105300100000070947081481700000000000013000000142000001713939    4                       1         
G0793003000026716    2019010920190111826800000004300105300100000070762081464500000000000043000000142000001723939    4                       1         
G0793003000026716    2019010920190111826800000004150105300100000070069081412700000000000041500000142000001733939    4                       1         
G0793003000026716    2019010920190111826500000007100105300100000070319081422400000000000071000000142000001743939    4                       1         
G0793003000026716    2019010920190111826500000006750105300100000070715081286400000000000067500000142000001753939    4                       1         
G0793003000026716    2019010920190111826500000006350105300100000071663081549700000000000063500000142000001763939    4                       1         
G0793003000026716    2019010920190111826500000004400105300100000071587081369000000000000044000000142000001773939    4                       1         
G0793003000026716    2019010920190111826600000002400105300100000070981081484800000000000024000000142000001783939    4                       1         
G0793003000026716    2019010920190111826900000005800105300100000071990081580600000000000058000000142000001793939    4                       1         
G0793003000026716    2019010920190111826900000005200105300100000071553081539000000000000052000000142000001803939    4                       1         
G0793003000026716    2019010920190111826500000001250105300100000071353081520700000000000012500000142000001813939    4                       1         
G0793003000026716    2019010920190111826500000001250105300100000070780081466300000000000012500000142000001823939    4                       1         
G0793003000026716    2019010920190111826400000024450105300100000071681081551500000000000244500000142000001833939    4                       1         
G0793003000026716    2019010920190111826400000005900105300100000071957081578100000000000059000000142000001843939    4                       1         
G0793003000026716    2019010920190111826400000004200105300100000070785081466800000000000042000000142000001853939    4                       1         
G0793003000026716    2019010920190111826400000004150105300100000071776081560500000000000041500000142000001863939    4                       1         
G0793003000026716    2019010920190111826400000004100105300100000071527081536700000000000041000000142000001873939    4                       1         
G0793003000026716    2019010920190111826900000004300105300100000071229081335100000000000043000000142000001883939    4                       1         
G0793003000026716    2019010920190111826900000004300105300100000070676081282700000000000043000000142000001893939    4                       1         
G0793003000026716    2019010920190111826900000001300105300100000071699081553200000000000013000000142000001903939    4                       1         
G0793003000026716    2019010920190111826900000001250105300100000070966081309900000000000012500000142000001913939    4                       1         
G0793003000026716    2019010920190111826800000013100105300100000071326081344800000000000131000000142000001923939    4                       1         
G0793003000026716    2019010920190111826800000005900105300100000071313081343500000000000059000000142000001933939    4                       1         
G0793003000026716    2019010920190111826400000001250105300100000070893081303400000000000012500000142000001943939    4                       1         
G0793003000026716    2019010920190111826300000004200105300100000071674081377400000000000042000000142000001953939    4                       1         
G0793003000026716    2019010920190111826300000004200105300100000071387081523900000000000042000000142000001963939    4                       1         
G0793003000026716    2019010920190111826300000004100105300100000071626081546200000000000041000000142000001973939    4                       1         
G0793003000026716    2019010920190111826300000004100105300100000071372081522400000000000041000000142000001983939    4                       1         
G0793003000026716    2019010920190111826300000004100105300100000070761081290900000000000041000000142000001993939    4                       1         
G0793003000026716    2019010920190111826200000004200105300100000070289081419400000000000042000000142000002003939    4                       1         
G0793003000026716    2019010920190111826200000004100105300100000070676081456200000000000041000000142000002013939    4                       1         
G0793003000026716    2019010920190111826200000001800105300100000070630081451600000000000018000000142000002023939    4                       1         
G0793003000026716    2019010920190111826200000001350105300100000070954081482400000000000013500000142000002033939    4                       1         
G0793003000026716    2019010920190111826400000001250105300100000071841081567000000000000012500000142000002043939    4                       1         
G0793003000026716    2019010920190111826300000001300105300100000071802081563100000000000013000000142000002053939    4                       1         
G0793003000026716    2019010920190111826200000017400105300100000071551081365500000000000174000000142000002063939    4                       1         
G0793003000026716    2019010920190111826200000009300105300100000070250081415700000000000093000000142000002073939    4                       1         
G0793003000026716    2019010920190111826200000007250105300100000072005081581500000000000072500000142000002083939    4                       1         
G0793003000026716    2019010920190111826200000006700105300100000071910081573700000000000067000000142000002093939    4                       1         
G0793003000026716    2019010920190111826200000005900105300100000071874081570100000000000059000000142000002103939    4                       1         
G0793003000026716    2019010920190111826100000004150105300100000071015081488200000000000041500000142000002113939    4                       1         
G0793003000026716    2019010920190111826100000004100105300100000071327081518100000000000041000000142000002123939    4                       1         
G0793003000026716    2019010920190111826100000004100105300100000070298081420300000000000041000000142000002133939    4                       1         
G0793003000026716    2019010920190111826100000001850105300100000070820081470000000000000018500000142000002143939    4                       1         
G0793003000026716    2019010920190111826100000001300105300100000070949081481900000000000013000000142000002153939    4                       1         
G0793003000026716    2019010920190111826000000040450105300100000071681081378100000000000404500000142000002163939    4                       1         
G0793003000026716    2019010920190111826000000012150105300100000071578081368100000000000121500000142000002173939    4                       1         
G0793003000026716    2019010920190111826000000006450105300100000070787081467000000000000064500000142000002183939    4                       1         
G0793003000026716    2019010920190111826000000005200105300100000070248081415500000000000052000000142000002193939    4                       1         
G0793003000026716    2019010920190111826000000004100105300100000071605081544200000000000041000000142000002203939    4                       1         
G0793003000026716    2019010920190111826000000004100105300100000071587081542400000000000041000000142000002213939    4                       1         
G0793003000026716    2019010920190111826000000001300105300100000071433081528300000000000013000000142000002223939    4                       1         
G0793003000026716    2019010920190111826000000003850105320181206001142095624700100000000038500000142000002234481    4                       1         
G0793003000026716    2019010920190111826900000004300105320181213000351010155700100000000043000000142000002241829    4                       1         
G0793003000026716    2019010920190111826000000003850105320181206000869095597500100000000038500000142000002254481    4                       1         
G0793003000026716    2019010920190111826100000004300105320190103001317000459100100000000043000000142000002261141    4                       1         
G0793003000026716    2019010920190111826900000012150105320190103002044000510600100000000121500000142000002271141    4                       1         
G0793003000026716    2019010920190111826000000004900105320190103001874000498700100000000049000000142000002281141    4                       1         
G0793003000026716    2019010920190111826000000004350105320190103000574000404400100000000043500000142000002291141    4                       1         
G0793003000026716    2019010920190111826900000004200105320190114000128010267200100000000042000000142000002301829    4                       1         
G0793003000026716    2019010920190111826800000012600105320190114001257010343600100000000126000000142000002311829    4                       1         
G0793003000026716    2019010920190111826800000009350105320181213000569010170600100000000093500000142000002321829    4                       1         
G0793003000026716    2019010920190111826900000004200105320190114000074010263100100000000042000000142000002331829    4                       1         
G0793003000026716    2019010920190111826800000007850105320190114001375010351300100000000078500000142000002341829    4                       1         
G0793003000026716    2019010920190111826300000012600105320181213000646010176500100000000126000000142000002351829    4                       1         
G0793003000026716    2019010920190111826000000004300105320190103001065000441400100000000043000000142000002361141    4                       1         
G0793003000026716    2019010920190111826200000001300105320181221000902014170700100000000013000000142000002373089    4                       1         
G0793003000026716    2019010920190111826000000004200105320181203001766000323100100000000042000000142000002381141    4                       1         
G0793003000026716    2019010920190111826300000010850105320181213000656010177400100000000108500000142000002391829    4                       1         
G0793003000026716    2019010920190111826000000004200105320181203001657000314700100000000042000000142000002401141    4                       1         
G0793003000026716    2019010920190111826000000004200105320181213001362010228600100000000042000000142000002411829    4                       1         
G0793003000026716    2019010920190111826600000004200105320181221000289014115800100000000042000000142000002423089    4                       1         
G0793003000026716    2019010920190111826700000004400105320190114001616010367000100000000044000000142000002431829    4                       1         
G0793003000026716    2019010920190111826700000004300105320190114001701010372000100000000043000000142000002441829    4                       1         
G0793003000026716    2019010920190111826700000004200105320190114000795010315000100000000042000000142000002451829    4                       1         
G0793003000026716    2019010920190111826700000004200105320181221000133014101000100000000042000000142000002463089    4                       1         
G0793003000026716    2019010920190111826800000005350105320190114000569010297000100000000053500000142000002471829    4                       1         
G0793003000026716    2019010920190111826900000004200105320181221000263014113300100000000042000000142000002483089    4                       1         
G0793003000026716    2019010920190111826700000004200105320190115000432022038900100000000042000000142000002493738    4                       1         
G0793003000026716    2019010920190111826900000004200105320181121000925014084100100000000042000000142000002503089    4                       1         
G0793003000026716    2019010920190111826600000004200105320190115000678022060200100000000042000000142000002513738    4                       1         
G0793003000026716    2019010920190111826700000004200105320190115000789022069000100000000042000000142000002523738    4                       1         
G0793003000026716    2019010920190111826700000004200105320190115000609022054700100000000042000000142000002533738    4                       1         
G0793003000026716    2019010920190111826000000004200105320190115000751022065700100000000042000000142000002543738    4                       1         
G0793003000026716    2019010920190111826700000008450105320190115000050022004400100000000084500000142000002553738    4                       1         
G0793003000026716    2019010920190111826700000004200105320190115000543022048600100000000042000000142000002563738    4                       1         
G0793003000026716    2019010920190111826800000004200105320190115000574022051400100000000042000000142000002573738    4                       1         
G0793003000026716    2019010920190111826600000008450105320190114000315010280500100000000084500000142000002581829    4                       1         
G0793003000026716    2019010920190111826800000007100105320190121000067014182800100000000071000000142000002593089    4                       1         
G0793003000026716    2019010920190111826300000004300105320190121000037014179900100000000043000000142000002603089    4                       1         
G0793003000026716    2019010920190111826300000004300105320181221000784014161100100000000043000000142000002613089    4                       1         
G0793003000026716    2019010920190111826300000004200105320190121000086014184600100000000042000000142000002623089    4                       1         
G0793003000026716    2019010920190111826200000004200105320181121000121014011900100000000042000000142000002633089    4                       1         
G0793003000026716    2019010920190111826100000021700105320181221000327014119500100000000217000000142000002643089    4                       1         
G0793003000026716    2019010920190111826100000009350105320190121000135014188900100000000093500000142000002653089    4                       1         
G0793003000026716    2019010920190111826100000005400105320181221000765014159800100000000054000000142000002663089    4                       1         
G0793003000026716    2019010920190111826100000004800105320190121000140014189400100000000048000000142000002673089    4                       1         
G0793003000026716    2019010920190111826300000001400105320190121000540014225400100000000014000000142000002683089    4                       1         
G0793003000026716    2019010920190111826300000001300105320181221000839014165900100000000013000000142000002693089    4                       1         
G0793003000026716    2019010920190111826600000008050105320181213000593010172400100000000080500000142000002701829    4                       1         
G0793003000026716    2019010920190111826200000008600105320181221000724014156500100000000086000000142000002713089    4                       1         
G0793003000026716    2019010920190111826200000006550105320190121000387014211400100000000065500000142000002723089    4                       1         
G0793003000026716    2019010920190111826200000004300105320181221000863014167500100000000043000000142000002733089    4                       1         
G0793003000026716    2019010920190111826200000004200105320190121000334014206400100000000042000000142000002743089    4                       1         
G0793003000026716    2019010920190111826200000004200105320190121000106014186400100000000042000000142000002753089    4                       1         
G0793003000026716    2019010920190111826000000004200105320181121000940014085500100000000042000000142000002763089    4                       1         
G0793003000026716    2019010920190111826000000004200105320190121000606014231000100000000042000000142000002773089    4                       1         
G0793003000026716    2019010920190111826000000007850105320181121000618014058500100000000078500000142000002783089    4                       1         
G0793003000026716    2019010920190111826000000005500105320181221000276014114600100000000055000000142000002793089    4                       1         
G0793003000026716    2019010920190111826000000001300105320190121000516014223200100000000013000000142000002803089    4                       1         
G0793003000026716    2019010920190111826000000001300105320181221000739014157600100000000013000000142000002813089    4                       1         
G0793003000026716    2019010920190111826600000004300105320190114000630010301700100000000043000000142000002821829    4                       1         
G0793003000026716    2019010920190111826600000004300105320190114000011010258800100000000043000000142000002831829    4                       1         
G0793003000026716    2019010920190111826600000004200105320190114000274010277800100000000042000000142000002841829    4                       1         
G0793003000026716    2019010920190111826600000004200105320190114000075010263200100000000042000000142000002851829    4                       1         
G0793003000026716    2019010920190111826600000004200105320181213000620010174500100000000042000000142000002861829    4                       1         
G0793003000026716    2019010920190111826600000004200105320181213000585010171800100000000042000000142000002871829    4                       1         
G0793003000026716    2019010920190111826800000004200105320190114001169010337900100000000042000000142000002881829    4                       1         
G0793003000026716    2019010920190111826000000010850105320181221000044014092300100000000108500000142000002893089    4                       1         
G0793003000026716    2019010920190111826800000004200105320190114000861010320500100000000042000000142000002901829    4                       1         
G0793003000026716    2019010920190111826800000004200105320190114000513010293300100000000042000000142000002911829    4                       1         
G0793003000026716    2019010920190111826500000004300105320190114001641010368500100000000043000000142000002921829    4                       1         
G0793003000026716    2019010920190111826300000006550105320181213001508010240000100000000065500000142000002931829    4                       1         
G0793003000026716    2019010920190111826300000004200105320190114000632010301800100000000042000000142000002941829    4                       1         
G0793003000026716    2019010920190111826200000004200105320181213000045010133100100000000042000000142000002951829    4                       1         
G0793003000026716    2019010920190111826100000007450105320190114001567010363500100000000074500000142000002961829    4                       1         
G0793003000026716    2019010920190111826500000004300105320190114001422010354100100000000043000000142000002971829    4                       1         
G0793003000026716    2019010920190111826500000004200105320190114001007010328900100000000042000000142000002981829    4                       1         
G0793003000026716    2019010920190111826500000004200105320181213000564010170200100000000042000000142000002991829    4                       1         
G0793003000026716    2019010920190111826900000010850105320190114001532010361800100000000108500000142000003001829    4                       1         
G0793003000026716    2019010920190111826900000008600105320181213001567010243700100000000086000000142000003011829    4                       1         
G0793003000026716    2019010920190111826100000004800105320190114000119010266400100000000048000000142000003021829    4                       1         
G0793003000026716    2019010920190111826100000004350105320190114000878010321300100000000043500000142000003031829    4                       1         
G0793003000026716    2019010920190111826100000004350105320190114000621010301000100000000043500000142000003041829    4                       1         
G0793003000026716    2019010920190111826100000004300105320190114001214010340700100000000043000000142000003051829    4                       1         
G0793003000026716    2019010920190111826200000005950105320181213000898010197100100000000059500000142000003061829    4                       1         
G0793003000026716    2019010920190111826200000005950105320181213000822010191900100000000059500000142000003071829    4                       1         
G0793003000026716    2019010920190111826200000004400105320190114000481010291000100000000044000000142000003081829    4                       1         
G0793003000026716    2019010920190111826200000004300105320181213000299010152000100000000043000000142000003091829    4                       1         
G0793003000026716    2019010920190111826200000004200105320190114001758010375700100000000042000000142000003101829    4                       1         
G0793003000026716    2019010920190111826000000004200105320181213001290010223700100000000042000000142000003111829    4                       1         
G0793003000026716    2019010920190111826200000004200105320190114000363010283700100000000042000000142000003121829    4                       1         
G0793003000026716    2019010920190111826100000004200105320190114001032010330400100000000042000000142000003131829    4                       1         
G0793003000026716    2019010920190111826100000004200105320190114000078010263300100000000042000000142000003141829    4                       1         
G0793003000026716    2019010920190111826200000004200105320190114000217010273700100000000042000000142000003151829    4                       1         
G0793003000026716    2019010920190111826000000004300105320181213001758010257400100000000043000000142000003161829    4                       1         
G0793003000026716    2019010920190111826000000004200105320190114001505010360000100000000042000000142000003171829    4                       1         
G0793003000026716    2019010920190111826000000004200105320190114000263010276800100000000042000000142000003181829    4                       1         
G0793003000026716    2019010920190111826400000010850105320181213001573010244200100000000108500000142000003191829    4                       1         
G0793003000026716    2019010920190111826400000009350105320181213000670010178700100000000093500000142000003201829    4                       1         
G0793003000026716    2019010920190111826400000005150105320190114001370010350800100000000051500000142000003211829    4                       1         
G0793003000026716    2019010920190111826800000004200105320190115000537022048000100000000042000000142000003223738    4                       1         
G0793003000026716    2019010920190111826400000004300105320190114000126010267000100000000043000000142000003231829    4                       1         
G0793003000026716    2019010920190111826800000004200105320190115000517022046300100000000042000000142000003243738    4                       1         
G0793003000026716    2019010920190111826300000004300105320190103001517000473000100000000043000000142000003251141    4                       1         
G0793003000026716    2019010920190111826600000008000105320190103000801000422000100000000080000000142000003261141    4                       1         
G0793003000026716    2019010920190111826800000004200105320190115000491022043900100000000042000000142000003273738    4                       1         
G0793003000026716    2019010920190111826800000004200105320190115000082022007400100000000042000000142000003283738    4                       1         
G0793003000026716    2019010920190111826800000004200105320190115000478022042800100000000042000000142000003293738    4                       1         
G0793003000026716    2019010920190111826800000004200105320190115000426022038300100000000042000000142000003303738    4                       1         
G0793003000026716    2019010920190111826800000004200105320190115000367022033100100000000042000000142000003313738    4                       1         
G0793003000026716    2019010920190111826800000004200105320190115000216022019600100000000042000000142000003323738    4                       1         
G0793003000026716    2019010920190111826100000010850105320190115000108022009600100000000108500000142000003333738    4                       1         
G0793003000026716    2019010920190111826900000004200105320190115000778022068100100000000042000000142000003343738    4                       1         
G0793003000026716    2019010920190111826500000004200105320190115000049022004300100000000042000000142000003353738    4                       1         
G0793003000026716    2019010920190111826500000004200105320190115000671022059700100000000042000000142000003363738    4                       1         
G0793003000026716    2019010920190111826500000004200105320190115000492022044000100000000042000000142000003373738    4                       1         
G0793003000026716    2019010920190111826500000004200105320190115000368022033200100000000042000000142000003383738    4                       1         
G0793003000026716    2019010920190111826500000004200105320190115000359022032300100000000042000000142000003393738    4                       1         
G0793003000026716    2019010920190111826900000005350105320190115000013022001100100000000053500000142000003403738    4                       1         
G0793003000026716    2019010920190111826400000004200105320190115000541022048400100000000042000000142000003413738    4                       1         
G0793003000026716    2019010920190111826800000004350105320190103000802000422100100000000043500000142000003421141    4                       1         
G0793003000026716    2019010920190111826600000007850105320190103001253000455200100000000078500000142000003431141    4                       1         
G0793003000026716    2019010920190111826600000005450105320181203001165000278100100000000054500000142000003441141    4                       1         
G0793003000026716    2019010920190111826600000004200105320181203001486000302000100000000042000000142000003451141    4                       1         
G0793003000026716    2019010920190111826800000004300105320190103000407000390000100000000043000000142000003461141    4                       1         
G0793003000026716    2019010920190111826800000004200105320181203001650000314200100000000042000000142000003471141    4                       1         
G0793003000026716    2019010920190111826700000010250105320190103001603000478600100000000102500000142000003481141    4                       1         
G0793003000026716    2019010920190111826500000004200105320190103001284000457000100000000042000000142000003491141    4                       1         
G0793003000026716    2019010920190111826500000004200105320190103000207000374300100000000042000000142000003501141    4                       1         
G0793003000026716    2019010920190111826500000004200105320181203001587000309100100000000042000000142000003511141    4                       1         
G0793003000026716    2019010920190111826500000004200105320181203000948000260700100000000042000000142000003521141    4                       1         
G0793003000026716    2019010920190111826300000006550105320190115000497022044400100000000065500000142000003533738    4                       1         
G0793003000026716    2019010920190111826800000005350105320190115000550022049300100000000053500000142000003543738    4                       1         
G0793003000026716    2019010920190111826900000004200105320190115000758022066400100000000042000000142000003553738    4                       1         
G0793003000026716    2019010920190111826100000005950105320190115000559022050200100000000059500000142000003563738    4                       1         
G0793003000026716    2019010920190111826100000004200105320190115000010022000900100000000042000000142000003573738    4                       1         
G0793003000026716    2019010920190111826100000004200105320190115000736022064700100000000042000000142000003583738    4                       1         
G0793003000026716    2019010920190111826500000004200105320181203000469000221100100000000042000000142000003591141    4                       1         
G0793003000026716    2019010920190111826500000004200105320181203000314000208300100000000042000000142000003601141    4                       1         
G0793003000026716    2019010920190111826500000004200105320181101001808000148600100000000042000000142000003611141    4                       1         
G0793003000026716    2019010920190111826900000005500105320190103001221000453000100000000055000000142000003621141    4                       1         
G0793003000026716    2019010920190111826400000009600105320190103001133000446600100000000096000000142000003631141    4                       1         
G0793003000026716    2019010920190111826400000004300105320190103001906000501200100000000043000000142000003641141    4                       1         
G0793003000026716    2019010920190111826200000004200105320190115000638022057100100000000042000000142000003653738    4                       1         
G0793003000026716    2019010920190111826200000004200105320190115000117022010400100000000042000000142000003663738    4                       1         
G0793003000026716    2019010920190111826100000004200105320190115000545022048800100000000042000000142000003673738    4                       1         
G0793003000026716    2019010920190111826100000004200105320190115000059022005300100000000042000000142000003683738    4                       1         
G0793003000026716    2019010920190111826000000004200105320190115000592022053100100000000042000000142000003693738    4                       1         
G0793003000026716    2019010920190111826400000004300105320190103001316000459000100000000043000000142000003701141    4                       1         
G0793003000026716    2019010920190111826400000004200105320190103000382000387900100000000042000000142000003711141    4                       1         
G0793003000026716    2019010920190111826900000004200105320190103000042000362700100000000042000000142000003721141    4                       1         
G0793003000026716    2019010920190111826900000004200105320181203001817000327400100000000042000000142000003731141    4                       1         
G0793003000026716    2019010920190111826000000004200105320190115000605018050400100000000042000000142000003741141    4                       1         
G0793003000026716    2019010920190111826300000010850105320190115000604018050300100000000108500000142000003751141    4                       1         
G0793003000026716    2019010920190111826400000010850105320190115000585018048600100000000108500000142000003761141    4                       1         
G0793003000026716    2019010920190111826700000006550105320190115000095018008100100000000065500000142000003771141    4                       1         
G0793003000026716    2019010920190111826800000004200105320190115000692018057800100000000042000000142000003781141    4                       1         
G0793003000026716    2019010920190111826600000004200105320190115000099018008400100000000042000000142000003791141    4                       1         
G0793003000026716    2019010920190111826400000004200105320190115000416018034200100000000042000000142000003801141    4                       1         
G0793003000026716    2019010920190111826400000004200105320190115000623018052000100000000042000000142000003811141    4                       1         
G0793003000026716    2019010920190111826400000004200105320190115000132018011200100000000042000000142000003821141    4                       1         
G0793003000026716    2019010920190111826200000004200105320190115000524018043200100000000042000000142000003831141    4                       1         
G0793003000026716    2019010920190111826300000004200105320190115000027018002200100000000042000000142000003841141    4                       1         
G0793003000026716    2019010920190111826200000004200105320190115000527018043500100000000042000000142000003851141    4                       1         
G0793003000026716    2019010920190111826000000004200105320190115000630018052700100000000042000000142000003861141    4                       1         
G0793003000026716    2019010920190111826000000007850105320190115000716018059500100000000078500000142000003871141    4                       1         
G0793003000026716    2019010920190111826100000004200105320190115000107018009100100000000042000000142000003881141    4                       1         
G0793003000026716    2019010920190111826000000010850105320190115000307018025500100000000108500000142000003891141    4                       1         
G0793003000026716    2019010920190111826000000004200105320190115000159018013200100000000042000000142000003901141    4                       1         
G0793003000026716    2019010920190111826700000005900105320190103000446002525900100000000059000000142000003911116    4                       1         
G0793003000026716    2019010920190111826700000004150105320190103000778002547500100000000041500000142000003921116    4                       1         
G0793003000026716    2019010920190111826700000004150105320190103000180002510300100000000041500000142000003931116    4                       1         
G0793003000026716    2019010920190111826600000010000105320190103000767002546700100000000100000000142000003941116    4                       1         
G0793003000026716    2019010920190111826300000004150105320190103000107002505800100000000041500000142000003951116    4                       1         
G0793003000026716    2019010920190111826600000004150105320190103000796002548900100000000041500000142000003961116    4                       1         
G0793003000026716    2019010920190111826800000004150105320190103000501002529300100000000041500000142000003971116    4                       1         
G0793003000026716    2019010920190111826800000011950105320190103001514000472800100000000119500000142000003981141    4                       1         
G0793003000026716    2019010920190111826800000005500105320190103001101000444400100000000055000000142000003991141    4                       1         
G0793003000026716    2019010920190111826300000007100105320190103001337000460400100000000071000000142000004001141    4                       1         
G0793003000026716    2019010920190111826300000004900105320190103000986000435700100000000049000000142000004011141    4                       1         
G0793003000026716    2019010920190111826300000004350105320190103000518000399500100000000043500000142000004021141    4                       1         
G0793003000026716    2019010920190111826300000004300105320190103001657000482900100000000043000000142000004031141    4                       1         
G0793003000026716    2019010920190111826300000004200105320190103002207000522700100000000042000000142000004041141    4                       1         
G0793003000026716    2019010920190111826300000004200105320181203000163000196200100000000042000000142000004051141    4                       1         
G0793003000026716    2019010920190111826200000004200105320190103002077000512700100000000042000000142000004061141    4                       1         
G0793003000026716    2019010920190111826200000004200105320190103000839000523700100000000042000000142000004071141    4                       1         
G0793003000026716    2019010920190111826100000005450105320190103000370000387000100000000054500000142000004081141    4                       1         
G0793003000026716    2019010920190111826200000005700105320190103000384000388000100000000057000000142000004091141    4                       1         
G0793003000026716    2019010920190111826200000004800105320190103001211000452000100000000048000000142000004101141    4                       1         
G0793003000026716    2019010920190111826200000004300105320190103001976000506300100000000043000000142000004111141    4                       1         
G0793003000026716    2019010920190111826200000004300105320190103000876000427700100000000043000000142000004121141    4                       1         
G0793003000026716    2019010920190111826100000004300105320190103001866000498000100000000043000000142000004131141    4                       1         
G0793003000026716    2019010920190111826100000004300105320190103001383000463700100000000043000000142000004141141    4                       1         
G0793003000026716    2019010920190111826400000003850105320181206001075095618000100000000038500000142000004154481    4                       1         
G0793003000026716    2019010920190111826200000003850105320181107001075000107000100000000038500000142000004164481    4                       1         
G0793003000026716    2019010920190111826200000003850105320181206000841095594700100000000038500000142000004174481    4                       1         
G0793003000026716    2019010920190111826200000003850105320181107000832000082700100000000038500000142000004184481    4                       1         
G0793003000026716    2019010920190111826600000003850105320181107000537000053200100000000038500000142000004194481    4                       1         
G0793003000026716    2019010920190111826300000003850105320181206000220095534400100000000038500000142000004204481    4                       1         
G0793003000026716    2019010920190111826800000003850105320181107001142000113700100000000038500000142000004214481    4                       1         
G0793003000026716    2019010920190111826600000003850105320181107001086000108100100000000038500000142000004224481    4                       1         
G0793003000026716    2019010920190111826500000003850105320181206000894095600000100000000038500000142000004234481    4                       1         
G0793003000026716    2019010920190111826300000003850105320181107000835000083000100000000038500000142000004244481    4                       1         
G0793003000026716    2019010920190111826500000004750105320190103000468002527300100000000047500000142000004251116    4                       1         
G0793003000026716    2019010920190111826400000004150105320190103000346002520400100000000041500000142000004261116    4                       1         
G0793003000026716    2019010920190111826300000006450105320190103000517002530100100000000064500000142000004271116    4                       1         
G0793003000026716    2019010920190111826300000004150105320190103000663002539600100000000041500000142000004281116    4                       1         
G0793003000026716    2019010920190111826300000004150105320190103000600002535600100000000041500000142000004291116    4                       1         
G0793003000026716    2019010920190111826300000004150105320190103000528002530800100000000041500000142000004301116    4                       1         
G0793003000026716    2019010920190111826200000004150105320190103000531002531100100000000041500000142000004311116    4                       1         
G0793003000026716    2019010920190111826100000010700105320190103000773002547200100000000107000000142000004321116    4                       1         
G0793003000026716    2019010920190111826100000004150105320190103000583002534800100000000041500000142000004331116    4                       1         
G0793003000026716    2019010920190111826000000026250105320181221000200014107500100000000262500000142000004343089    4                       1         
G0793003000026716    2019010920190111826700000005350105320181121000009014000900100000000053500000142000004353089    4                       1         
G0793003000026716    2019010920190111826700000004800105320181221000412014127300100000000048000000142000004363089    4                       1         
G0793003000026716    2019010920190111826700000004200105320190121000063014182400100000000042000000142000004373089    4                       1         
G0793003000026716    2019010920190111826700000001300105320190121000071014183100100000000013000000142000004383089    4                       1         
G0793003000026716    2019010920190111826700000001300105320181221000110014098800100000000013000000142000004393089    4                       1         
G0793003000026716    2019010920190111826600000004300105320181221000691014153500100000000043000000142000004403089    4                       1         
G0793003000026716    2019010920190111826600000004300105320181221000556014141000100000000043000000142000004413089    4                       1         
G0793003000026716    2019010920190111826600000004200105320190121000751014244100100000000042000000142000004423089    4                       1         
G0793003000026716    2019010920190111826600000004200105320190121000465014218500100000000042000000142000004433089    4                       1         
G0793003000026716    2019010920190111826300000007100105320181221000266014113600100000000071000000142000004443089    4                       1         
G0793003000026716    2019010920190111826600000004200105320181221000121014099900100000000042000000142000004453089    4                       1         
G0793003000026716    2019010920190111826600000004200105320190121000441014216100100000000042000000142000004463089    4                       1         
G0793003000026716    2019010920190111826600000004200105320190121000030014179200100000000042000000142000004473089    4                       1         
G0793003000026716    2019010920190111826600000004200105320181221000940014173800100000000042000000142000004483089    4                       1         
G0793003000026716    2019010920190111826600000004200105320181221000485014134300100000000042000000142000004493089    4                       1         
G0793003000026716    2019010920190111826800000004200105320181121000739014069400100000000042000000142000004503089    4                       1         
G0793003000026716    2019010920190111826800000004200105320181121000409014039200100000000042000000142000004513089    4                       1         
G0793003000026716    2019010920190111826700000011000105320181221000431014129200100000000110000000142000004523089    4                       1         
G0793003000026716    2019010920190111826700000010850105320181221000223014109600100000000108500000142000004533089    4                       1         
G0793003000026716    2019010920190111826500000035400105320190121000568014227900100000000354000000142000004543089    4                       1         
G0793003000026716    2019010920190111826500000012150105320181221000661014150700100000000121500000142000004553089    4                       1         
G0793003000026716    2019010920190111826500000006550105320190121000211014195800100000000065500000142000004563089    4                       1         
G0793003000026716    2019010920190111826500000004200105320190121000924014257900100000000042000000142000004573089    4                       1         
G0793003000026716    2019010920190111826500000004200105320190121000147014190000100000000042000000142000004583089    4                       1         
G0793003000026716    2019010920190111826500000004200105320181221000100014097800100000000042000000142000004593089    4                       1         
G0793003000026716    2019010920190111826400000004800105320181221000669014151400100000000048000000142000004603089    4                       1         
G0793003000026716    2019010920190111826400000004200105320190121000639014234200100000000042000000142000004613089    4                       1         
G0793003000026716    2019010920190111826400000004200105320190121000118014187500100000000042000000142000004623089    4                       1         
G0793003000026716    2019010920190111826400000004200105320181221000409014127000100000000042000000142000004633089    4                       1         
G0793003000026716    2019010920190111826900000004800105320190121000105014186300100000000048000000142000004643089    4                       1         
G0793003000026716    2019010920190111826900000004200105320190121000197014194500100000000042000000142000004653089    4                       1         
G0793003000026716    2019010920190111826900000004200105320190121000123014187900100000000042000000142000004663089    4                       1         
Z00046800000000002416550                                                                                                                              
