A2201053              HIDROFORTETOCANTINS 104CAIXA ECON. FEDERAL 2019011100152803                                                                     
G0793003000026716    2019011020190111826300000004200105300100000070475035586200000000000042000000142000000012525    3                       1         
G0793003000026716    2019011020190111826800000004200105300100000070245035416200000000000042000000142000000021829    3                       1         
G0793003000026716    2019011020190111826800000004100105300100000070245035568500000000000041000000142000000031829    3                       1         
G0793003000026716    2019011020190111826600000004200105300100000070245035493100000000000042000000142000000041829    3                       1         
G0793003000026716    2019011020190114826900000004150105300100000070258081416500000000000041500000142000000053939    4                       1         
G0793003000026716    2019011020190114826600000004750105300100000061255002553900000000000047500000142000000063738    4                       1         
G0793003000026716    2019011020190114826600000001100105300100000060371002477300000000000011000000142000000073738    4                       1         
G0793003000026716    2019011020190114826800000006550105300100000060598002496100000000000065500000142000000083738    4                       1         
G0793003000026716    2019011020190114826700000003800105300100000060940002526800000000000038000000142000000093738    4                       1         
G0793003000026716    2019011020190114826800000005850105300100000061315002559700000000000058500000142000000103738    4                       1         
G0793003000026716    2019011020190114826400000003850105300100000061173002443700000000000038500000142000000113738    4                       1         
G0793003000026716    2019011020190114826100000003750105300100000060508002489100000000000037500000142000000123738    4                       1         
G0793003000026716    2019011020190114826800000004950105300100000060067002353800000000000049500000142000000133738    4                       1         
G0793003000026716    2019011020190114826400000003800105300100000060760002510700000000000038000000142000000143738    4                       1         
G0793003000026716    2019011020190114826100000004950105300100000005602006765200000000000049500000142000000153863    4                       1         
G0793003000026716    2019011020190114826100000004700105300100000003060006665400000000000047000000142000000163863    4                       1         
G0793003000026716    2019011020190114826700000003500105300100000003089006665600000000000035000000142000000173863    4                       1         
G0793003000026716    2019011020190114826700000003400105300100000002890006735500000000000034000000142000000183863    4                       1         
G0793003000026716    2019011020190114826200000006950105300100000005602006693700000000000069500000142000000193863    4                       1         
G0793003000026716    2019011020190114826000000003100105300100000003089006737400000000000031000000142000000203863    4                       1         
G0793003000026716    2019011020190114826000000003100105300100000001560006723300000000000031000000142000000213863    4                       1         
G0793003000026716    2019011020190114826600000009200105300100000000585006714000000000000092000000142000000223863    4                       1         
G0793003000026716    2019011020190114826800000004100105300100000070077035635600000000000041000000142000000231829    4                       1         
G0793003000026716    2019011020190114826600000004200105300100000071682081551600000000000042000000142000000241829    4                       1         
G0793003000026716    2019011020190114826500000003250105300100000004990006754700000000000032500000142000000250793    4                       1         
G0793003000026716    2019011020190114826800000004100105300100000070872035691500000000000041000000142000000263458    4                       1         
G0793003000026716    2019011020190114826500000008150105300100000060067002144600000000000081500000142000000273738    4                       1         
G0793003000026716    2019011020190114826500000004950105300100000060067002249400000000000049500000142000000283738    4                       1         
G0793003000026716    2019011020190114826900000004350105300100000060214002464000000000000043500000142000000293738    4                       1         
G0793003000026716    2019011020190114826300000008450105300100000060863002519700000000000084500000142000000303738    4                       1         
G0793003000026716    2019011020190114826300000005450105300100000060971002529400000000000054500000142000000313738    4                       1         
G0793003000026716    2019011020190114826500000003850105300100000060092002354500000000000038500000142000000323738    4                       1         
G0793003000026716    2019011020190114826700000004350105300100000060591002495400000000000043500000142000000333738    4                       1         
G0793003000026716    2019011020190114826200000001150105300100000060185002461600000000000011500000142000000343738    4                       1         
G0793003000026716    2019011020190114826300000003850105300100000060092002459800000000000038500000142000000353738    4                       1         
G0793003000026716    2019011020190114826300000003800105300100000060740002508700000000000038000000142000000363738    4                       1         
G0793003000026716    2019011020190114826300000003800105300100000060513002489600000000000038000000142000000373738    4                       1         
G0793003000026716    2019011020190114826300000003750105300100000060925002457600000000000037500000142000000383738    4                       1         
G0793003000026716    2019011020190114826700000003850105300100000060110002354800000000000038500000142000000393738    4                       1         
G0793003000026716    2019011020190114826700000003750105300100000060656002501000000000000037500000142000000403738    4                       1         
G0793003000026716    2019011020190114826200000005450105300100000060598002391800000000000054500000142000000413738    4                       1         
G0793003000026716    2019011020190114826700000006450105300100000070854035690300000000000064500000142000000421829    4                       1         
G0793003000026716    2019011020190114826800000006300105300100000070994035700300000000000063000000142000000431829    4                       1         
G0793003000026716    2019011020190114826800000005900105300100000070286035649600000000000059000000142000000441829    4                       1         
G0793003000026716    2019011020190114826100000004150105300100000070127035638300000000000041500000142000000451829    4                       1         
G0793003000026716    2019011020190114826900000003200105300100000005200006756600000000000032000000142000000460793    4                       1         
G0793003000026716    2019011020190114826000000005350105300100000070665035600200000000000053500000142000000471829    4                       1         
G0793003000026716    2019011020190114826800000004200105300100000070597035671400000000000042000000142000000481829    4                       1         
G0793003000026716    2019011020190114826000000001300105300100000070535035667100000000000013000000142000000491829    4                       1         
G0793003000026716    2019011020190114826600000004400105300100000071796081562500000000000044000000142000000503939    4                       1         
G0793003000026716    2019011020190114826900000004150105300100000070599081448500000000000041500000142000000513939    4                       1         
G0793003000026716    2019011020190114826700000004100105300100000070951035621500000000000041000000142000000521829    4                       1         
G0793003000026716    2019011020190114826900000004150105300100000070141020236400000000000041500000142000000531829    4                       1         
G0793003000026716    2019011020190114826900000004050105300100000070081020259600000000000040500000142000000541829    4                       1         
G0793003000026716    2019011020190114826800000001300105300100000070044020230400000000000013000000142000000551829    4                       1         
G0793003000026716    2019011020190114826200000006650105300100000070012020229000000000000066500000142000000561829    4                       1         
G0793003000026716    2019011020190114826200000004150105300100000070242020242700000000000041500000142000000571829    4                       1         
G0793003000026716    2019011020190114826500000001250105300100000070047020257300000000000012500000142000000581829    4                       1         
G0793003000026716    2019011020190114826500000004150105300100000070082020232800000000000041500000142000000591829    4                       1         
G0793003000026716    2019011020190114826600000004150105300100000070350020250400000000000041500000142000000601829    4                       1         
G0793003000026716    2019011020190114826600000002500105300100000070291020246400000000000025000000142000000611829    4                       1         
G0793003000026716    2019011020190114826400000004150105300100000070258020243600000000000041500000142000000621829    4                       1         
G0793003000026716    2019011020190114826400000001250105300100000070044020257000000000000012500000142000000631829    4                       1         
G0793003000026716    2019011020190114826300000006950105300100000070147020264000000000000069500000142000000641829    4                       1         
G0793003000026716    2019011020190114826700000004200105300100000070048020257400000000000042000000142000000651829    4                       1         
G0793003000026716    2019011020190114826300000004200105300100000070311020248200000000000042000000142000000661829    4                       1         
G0793003000026716    2019011020190114826700000001500105300100000070121020262200000000000015000000142000000671829    4                       1         
G0793003000026716    2019011020190114826300000006350105300100000070390035579400000000000063500000142000000681829    4                       1         
G0793003000026716    2019011020190114826200000004100105300100000071138081500000000000000041000000142000000693939    4                       1         
G0793003000026716    2019011020190114826200000004100105300100000070707080236300000000000041000000142000000703939    4                       1         
G0793003000026716    2019011020190114826100000013200105300100000071984081406500000000000132000000142000000713939    4                       1         
G0793003000026716    2019011020190114826100000006450105300100000070670081455600000000000064500000142000000723939    4                       1         
G0793003000026716    2019011020190114826100000004650105300100000071790081388500000000000046500000142000000733939    4                       1         
G0793003000026716    2019011020190114826300000004200105300100000070835081471500000000000042000000142000000743939    4                       1         
G0793003000026716    2019011020190114826300000004100105300100000070254081416100000000000041000000142000000753939    4                       1         
G0793003000026716    2019011020190114826300000003600105300100000070500081265600000000000036000000142000000763939    4                       1         
G0793003000026716    2019011020190114826300000001400105300100000071343081346500000000000014000000142000000773939    4                       1         
G0793003000026716    2019011020190114826700000004200105300100000071546081538300000000000042000000142000000783939    4                       1         
G0793003000026716    2019011020190114826700000004150105300100000070480081437400000000000041500000142000000793939    4                       1         
G0793003000026716    2019011020190114826700000004100105300100000072007081408200000000000041000000142000000803939    4                       1         
G0793003000026716    2019011020190114826700000004100105300100000070623081450900000000000041000000142000000813939    4                       1         
G0793003000026716    2019011020190114826700000003550105300100000070587081447300000000000035500000142000000823939    4                       1         
G0793003000026716    2019011020190114826700000001350105300100000070309081248000000000000013500000142000000833939    4                       1         
G0793003000026716    2019011020190114826300000001250105300100000071756081385200000000000012500000142000000843939    4                       1         
G0793003000026716    2019011020190114826300000001250105300100000070329081423400000000000012500000142000000853939    4                       1         
G0793003000026716    2019011020190114826200000005300105300100000070733038461600000000000053000000142000000863939    4                       1         
G0793003000026716    2019011020190114826700000001250105300100000071852081568100000000000012500000142000000873939    4                       1         
G0793003000026716    2019011020190114826700000001250105300100000071706081553800000000000012500000142000000883939    4                       1         
G0793003000026716    2019011020190114826600000010500105300100000071451081356600000000000105000000142000000893939    4                       1         
G0793003000026716    2019011020190114826000000001250105300100000070500081439200000000000012500000142000000903939    4                       1         
G0793003000026716    2019011020190114826200000004100105300100000070844035613800000000000041000000142000000911829    4                       1         
G0793003000026716    2019011020190114826900000004100105300100000071884081397700000000000041000000142000000923939    4                       1         
G0793003000026716    2019011020190114826200000004300105300100000070240035645800000000000043000000142000000931829    4                       1         
G0793003000026716    2019011020190114826200000006150105300100000070993035700200000000000061500000142000000941829    4                       1         
G0793003000026716    2019011020190114826900000004100105300100000071778081560700000000000041000000142000000953939    4                       1         
G0793003000026716    2019011020190114826200000005900105300100000070397035657200000000000059000000142000000961829    4                       1         
G0793003000026716    2019011020190114826300000004100105300100000070662035600000000000000041000000142000000974065    4                       1         
G0793003000026716    2019011020190114826800000013450105300100000071543081364700000000000134500000142000000983939    4                       1         
G0793003000026716    2019011020190114826100000004200105300100000071221081507500000000000042000000142000000993939    4                       1         
G0793003000026716    2019011020190114826100000004200105300100000070567081271900000000000042000000142000001003939    4                       1         
G0793003000026716    2019011020190114826100000004100105300100000070707080539500000000000041000000142000001013939    4                       1         
G0793003000026716    2019011020190114826000000006900105300100000071399081410100000000000069000000142000001023939    4                       1         
G0793003000026716    2019011020190114826000000004250105300100000071546081365000000000000042500000142000001033939    4                       1         
G0793003000026716    2019011020190114826000000004100105300100000070207081414700000000000041000000142000001043939    4                       1         
G0793003000026716    2019011020190114826800000004200105300100000071426081527600000000000042000000142000001053939    4                       1         
G0793003000026716    2019011020190114826800000004150105300100000070566081445200000000000041500000142000001063939    4                       1         
G0793003000026716    2019011020190114826800000004100105300100000071985081406600000000000041000000142000001073939    4                       1         
G0793003000026716    2019011020190114826800000003050105300100000070305081247600000000000030500000142000001083939    4                       1         
G0793003000026716    2019011020190114826800000002400105300100000071943081576900000000000024000000142000001093939    4                       1         
G0793003000026716    2019011020190114826700000012650105300100000071288081514200000000000126500000142000001103939    4                       1         
G0793003000026716    2019011020190114826600000004250105300100000070135081413700000000000042500000142000001113939    4                       1         
G0793003000026716    2019011020190114826700000008950105300100000071399081525100000000000089500000142000001123939    4                       1         
G0793003000026716    2019011020190114826100000004700105300100000004070006674600000000000047000000142000001133863    4                       1         
G0793003000026716    2019011020190114826800000009900105300100000000585006642400000000000099000000142000001143863    4                       1         
G0793003000026716    2019011020190114826700000006350105300100000071849081567800000000000063500000142000001153939    4                       1         
G0793003000026716    2019011020190114826700000006250105300100000070872081301500000000000062500000142000001163939    4                       1         
G0793003000026716    2019011020190114826700000005400105300100000070624081277600000000000054000000142000001173939    4                       1         
G0793003000026716    2019011020190114826600000004100105300100000070707080057400000000000041000000142000001183939    4                       1         
G0793003000026716    2019011020190114826600000002950105300100000070430081433000000000000029500000142000001193939    4                       1         
G0793003000026716    2019011020190114826600000001300105300100000070300081420500000000000013000000142000001203939    4                       1         
G0793003000026716    2019011020190114826500000018250105300100000071088081495100000000000182500000142000001213939    4                       1         
G0793003000026716    2019011020190114826500000004900105300100000071320081517400000000000049000000142000001223939    4                       1         
G0793003000026716    2019011020190114826500000004300105300100000071670081550400000000000043000000142000001233939    4                       1         
G0793003000026716    2019011020190114826500000004150105300100000071487081533200000000000041500000142000001243939    4                       1         
G0793003000026716    2019011020190114826400000004250105300100000071692081379100000000000042500000142000001253939    4                       1         
G0793003000026716    2019011020190114826400000004150105300100000071292081514600000000000041500000142000001263939    4                       1         
G0793003000026716    2019011020190114826400000004100105300100000071877081570400000000000041000000142000001273939    4                       1         
G0793003000026716    2019011020190114826400000001350105300100000070375081427700000000000013500000142000001283939    4                       1         
G0793003000026716    2019011020190114826400000001250105300100000070918081305800000000000012500000142000001293939    4                       1         
G0793003000026716    2019011020190114826400000001250105300100000070360081426200000000000012500000142000001303939    4                       1         
G0793003000026716    2019011020190114826400000001250105300100000070015081411000000000000012500000142000001313939    4                       1         
G0793003000026716    2019011020190114826300000008650105300100000070386081255100000000000086500000142000001323939    4                       1         
G0793003000026716    2019011020190114826500000004100105300100000072007081581700000000000041000000142000001333939    4                       1         
G0793003000026716    2019011020190114826500000004100105300100000070636081452200000000000041000000142000001343939    4                       1         
G0793003000026716    2019011020190114826500000004100105300100000070318081422300000000000041000000142000001353939    4                       1         
G0793003000026716    2019011020190114826200000004300105300100000071925081401700000000000043000000142000001363939    4                       1         
G0793003000026716    2019011020190114826200000004250105300100000070557081444500000000000042500000142000001373939    4                       1         
G0793003000026716    2019011020190114826400000007800105300100000071108081323700000000000078000000142000001383939    4                       1         
G0793003000026716    2019011020190114826400000004650105300100000070887081302800000000000046500000142000001393939    4                       1         
G0793003000026716    2019011020190114826800000003850105300100000005533006688400000000000038500000142000001403863    4                       1         
G0793003000026716    2019011020190114826600000004700105300100000002810006734700000000000047000000142000001413863    4                       1         
G0793003000026716    2019011020190114826900000004050105300100000070157020255300000000000040500000142000001421829    4                       1         
G0793003000026716    2019011020190114826600000003950105300100000005946006704000000000000039500000142000001433863    4                       1         
G0793003000026716    2019011020190114826600000003100105300100000001413006722000000000000031000000142000001443863    4                       1         
G0793003000026716    2019011020190114826500000013750105300100000002980006736400000000000137500000142000001453863    4                       1         
G0793003000026716    2019011020190114826500000004950105300100000002810006662900000000000049500000142000001463863    4                       1         
G0793003000026716    2019011020190114826900000004700105300100000003060006737200000000000047000000142000001473863    4                       1         
G0793003000026716    2019011020190114826400000003200105300100000003920006673100000000000032000000142000001483863    4                       1         
G0793003000026716    2019011020190114826300000005900105300100000004400006606000000000000059000000142000001493863    4                       1         
G0793003000026716    2019011020190114826500000003100105300100000005946006775200000000000031000000142000001503863    4                       1         
G0793003000026716    2019011020190114826400000004450105300100000005865006701700000000000044500000142000001513863    4                       1         
G0793003000026716    2019011020190114826200000001570105300100000004400006677600000000000015700000142000001523863    4                       1         
G0793003000026716    2019011020190114826400000004200105320181121000810014075300100000000042000000142000001533089    4                       1         
G0793003000026716    2019011020190114826600000005050105320190103002031000509900100000000050500000142000001541141    4                       1         
G0793003000026716    2019011020190114826800000014750105320181203002017000342900100000000147500000142000001551141    4                       1         
G0793003000026716    2019011020190114826800000008750105320190103001814000494300100000000087500000142000001561141    4                       1         
G0793003000026716    2019011020190114826800000008450105320181203001097000272600100000000084500000142000001571141    4                       1         
G0793003000026716    2019011020190114826300000023800105320181221000080014095900100000000238000000142000001583089    4                       1         
G0793003000026716    2019011020190114826300000013450105320181221000261014113100100000000134500000142000001593089    4                       1         
G0793003000026716    2019011020190114826300000004800105320181221000328014119600100000000048000000142000001603089    4                       1         
G0793003000026716    2019011020190114826300000004550105320190121000316014204800100000000045500000142000001613089    4                       1         
G0793003000026716    2019011020190114826300000004200105320190121000479014219800100000000042000000142000001623089    4                       1         
G0793003000026716    2019011020190114826800000006950105320190103000932000431600100000000069500000142000001631141    4                       1         
G0793003000026716    2019011020190114826800000004800105320190103001966000505400100000000048000000142000001641141    4                       1         
G0793003000026716    2019011020190114826800000004400105320190103000525000400200100000000044000000142000001651141    4                       1         
G0793003000026716    2019011020190114826000000005550105320190103000420000391200100000000055500000142000001661141    4                       1         
G0793003000026716    2019011020190114826000000004300105320190103001793000492700100000000043000000142000001671141    4                       1         
G0793003000026716    2019011020190114826500000001300105320190121000362014209100100000000013000000142000001683089    4                       1         
G0793003000026716    2019011020190114826000000004300105320190103001677000484300100000000043000000142000001691141    4                       1         
G0793003000026716    2019011020190114826500000001300105320181221000841014166100100000000013000000142000001703089    4                       1         
G0793003000026716    2019011020190114826200000004200105320190121000408014213000100000000042000000142000001713089    4                       1         
G0793003000026716    2019011020190114826800000004200105320190103001425000466300100000000042000000142000001721141    4                       1         
G0793003000026716    2019011020190114826800000004200105320190103001159000448500100000000042000000142000001731141    4                       1         
G0793003000026716    2019011020190114826800000004200105320190103000911000430100100000000042000000142000001741141    4                       1         
G0793003000026716    2019011020190114826000000004200105320190103001511000472500100000000042000000142000001751141    4                       1         
G0793003000026716    2019011020190114826600000004300105320190103000586000405400100000000043000000142000001761141    4                       1         
G0793003000026716    2019011020190114826700000006800105320190103000052000363100100000000068000000142000001771141    4                       1         
G0793003000026716    2019011020190114826700000005500105320190103000873000427400100000000055000000142000001781141    4                       1         
G0793003000026716    2019011020190114826700000004400105320190103001629000481000100000000044000000142000001791141    4                       1         
G0793003000026716    2019011020190114826700000004400105320190103001535000474100100000000044000000142000001801141    4                       1         
G0793003000026716    2019011020190114826700000004350105320190103001483000470400100000000043500000142000001811141    4                       1         
G0793003000026716    2019011020190114826400000010100105320190121000235014197700100000000101000000142000001823089    4                       1         
G0793003000026716    2019011020190114826400000007850105320181221000786014161300100000000078500000142000001833089    4                       1         
G0793003000026716    2019011020190114826400000004300105320181221000535014139100100000000043000000142000001843089    4                       1         
G0793003000026716    2019011020190114826200000004200105320181221000582014143500100000000042000000142000001853089    4                       1         
G0793003000026716    2019011020190114826200000004200105320181121000905014082700100000000042000000142000001863089    4                       1         
G0793003000026716    2019011020190114826200000004200105320181121000574014054900100000000042000000142000001873089    4                       1         
G0793003000026716    2019011020190114826700000004300105320190121000705014240500100000000043000000142000001883089    4                       1         
G0793003000026716    2019011020190114826700000004200105320190121000388014211500100000000042000000142000001893089    4                       1         
G0793003000026716    2019011020190114826900000003850105320181206000511095562700100000000038500000142000001904481    4                       1         
G0793003000026716    2019011020190114826100000003850105320181206001157095625700100000000038500000142000001914481    4                       1         
G0793003000026716    2019011020190114826000000003850105320181206000959095606500100000000038500000142000001924481    4                       1         
G0793003000026716    2019011020190114826000000003850105320181206000110095524300100000000038500000142000001934481    4                       1         
G0793003000026716    2019011020190114826000000003850105320181107000677000067200100000000038500000142000001944481    4                       1         
G0793003000026716    2019011020190114826800000003850105320181206000911095601700100000000038500000142000001954481    4                       1         
G0793003000026716    2019011020190114826500000004950105320181221000421014128200100000000049500000142000001963089    4                       1         
G0793003000026716    2019011020190114826600000003850105320181107000702000069700100000000038500000142000001974481    4                       1         
G0793003000026716    2019011020190114826400000003850105320181206000226095535000100000000038500000142000001984481    4                       1         
G0793003000026716    2019011020190114826500000003850105320181107000354000034900100000000038500000142000001994481    4                       1         
G0793003000026716    2019011020190114826200000003850105320181206000913095601900100000000038500000142000002004481    4                       1         
G0793003000026716    2019011020190114826200000003850105320181206000630095574200100000000038500000142000002014481    4                       1         
G0793003000026716    2019011020190114826700000003850105320181206000738095584400100000000038500000142000002024481    4                       1         
G0793003000026716    2019011020190114826000000003850105320181107000511000050600100000000038500000142000002034481    4                       1         
G0793003000026716    2019011020190114826000000003850105320181107000296000029100100000000038500000142000002044481    4                       1         
G0793003000026716    2019011020190114826200000001300105320181221000741014157800100000000013000000142000002053089    4                       1         
G0793003000026716    2019011020190114826200000004800105320190115000700018058300100000000048000000142000002061141    4                       1         
G0793003000026716    2019011020190114826900000004200105320190115000049018004000100000000042000000142000002071141    4                       1         
G0793003000026716    2019011020190114826800000007100105320190115000560018046200100000000071000000142000002081141    4                       1         
G0793003000026716    2019011020190114826000000004200105320190115000531018043800100000000042000000142000002091141    4                       1         
G0793003000026716    2019011020190114826800000004200105320190115000522018043000100000000042000000142000002101141    4                       1         
G0793003000026716    2019011020190114826000000004200105320190115000149018012400100000000042000000142000002111141    4                       1         
G0793003000026716    2019011020190114826200000004200105320190115000058018004700100000000042000000142000002121141    4                       1         
G0793003000026716    2019011020190114826900000004200105320190115000446018036500100000000042000000142000002131141    4                       1         
G0793003000026716    2019011020190114826500000005350105320190115000540018044700100000000053500000142000002141141    4                       1         
G0793003000026716    2019011020190114826900000009350105320190115000252018020900100000000093500000142000002151141    4                       1         
G0793003000026716    2019011020190114826100000005350105320181121000939014085400100000000053500000142000002163089    4                       1         
G0793003000026716    2019011020190114826100000004800105320190121000283014201900100000000048000000142000002173089    4                       1         
G0793003000026716    2019011020190114826100000004800105320181221000615014146200100000000048000000142000002183089    4                       1         
G0793003000026716    2019011020190114826100000004800105320181121000871014080100100000000048000000142000002193089    4                       1         
G0793003000026716    2019011020190114826100000004400105320190121000501014221700100000000044000000142000002203089    4                       1         
G0793003000026716    2019011020190114826100000004200105320190121000212014195900100000000042000000142000002213089    4                       1         
G0793003000026716    2019011020190114826300000004200105320190121000281014201700100000000042000000142000002223089    4                       1         
G0793003000026716    2019011020190114826300000004200105320190121000199014194700100000000042000000142000002233089    4                       1         
G0793003000026716    2019011020190114826300000004200105320190121000150014190300100000000042000000142000002243089    4                       1         
G0793003000026716    2019011020190114826300000004200105320190121000083014184300100000000042000000142000002253089    4                       1         
G0793003000026716    2019011020190114826300000004200105320190121000012014177500100000000042000000142000002263089    4                       1         
G0793003000026716    2019011020190114826300000004200105320181221000209014108300100000000042000000142000002273089    4                       1         
G0793003000026716    2019011020190114826300000004200105320181121000927014084300100000000042000000142000002283089    4                       1         
G0793003000026716    2019011020190114826700000004200105320181221000408014126900100000000042000000142000002293089    4                       1         
G0793003000026716    2019011020190114826700000004200105320181221000154014103100100000000042000000142000002303089    4                       1         
G0793003000026716    2019011020190114826700000001300105320190121000206014195300100000000013000000142000002313089    4                       1         
G0793003000026716    2019011020190114826300000001300105320181221000905014171000100000000013000000142000002323089    4                       1         
G0793003000026716    2019011020190114826300000001300105320181221000359014122500100000000013000000142000002333089    4                       1         
G0793003000026716    2019011020190114826200000010350105320181221000181014105800100000000103500000142000002343089    4                       1         
G0793003000026716    2019011020190114826200000007850105320190121000500014221600100000000078500000142000002353089    4                       1         
G0793003000026716    2019011020190114826000000001300105320181221000529014138500100000000013000000142000002363089    4                       1         
G0793003000026716    2019011020190114826000000001300105320181221000491014134900100000000013000000142000002373089    4                       1         
G0793003000026716    2019011020190114826600000011100105320181221000422014128300100000000111000000142000002383089    4                       1         
G0793003000026716    2019011020190114826400000004200105320190115000143018012000100000000042000000142000002391141    4                       1         
G0793003000026716    2019011020190114826600000004200105320190114000027010259900100000000042000000142000002401829    4                       1         
G0793003000026716    2019011020190114826400000004200105320190115000549018045500100000000042000000142000002411141    4                       1         
G0793003000026716    2019011020190114826800000004200105320190114000340010282400100000000042000000142000002421829    4                       1         
G0793003000026716    2019011020190114826400000004200105320190115000333018027600100000000042000000142000002431141    4                       1         
G0793003000026716    2019011020190114826200000004200105320190115000249018020700100000000042000000142000002441141    4                       1         
G0793003000026716    2019011020190114826300000004200105320190115000595018049500100000000042000000142000002451141    4                       1         
G0793003000026716    2019011020190114826300000004200105320190115000448018036700100000000042000000142000002461141    4                       1         
G0793003000026716    2019011020190114826700000004200105320190115000233018019500100000000042000000142000002471141    4                       1         
G0793003000026716    2019011020190114826000000004150105320190103000525002530600100000000041500000142000002481116    4                       1         
G0793003000026716    2019011020190114826600000004150105320190103000188002510900100000000041500000142000002491116    4                       1         
G0793003000026716    2019011020190114826500000004150105320190103000299002517900100000000041500000142000002501116    4                       1         
G0793003000026716    2019011020190114826700000004150105320190103000661002539500100000000041500000142000002511116    4                       1         
G0793003000026716    2019011020190114826700000004150105320190103000239002514600100000000041500000142000002521116    4                       1         
G0793003000026716    2019011020190114826900000004200105320181221000908014171300100000000042000000142000002533089    4                       1         
G0793003000026716    2019011020190114826900000004200105320181221000150014102700100000000042000000142000002543089    4                       1         
G0793003000026716    2019011020190114826900000001300105320190121000491014220800100000000013000000142000002553089    4                       1         
G0793003000026716    2019011020190114826100000004200105320181221000939014173700100000000042000000142000002563089    4                       1         
G0793003000026716    2019011020190114826100000004200105320181221000831014165200100000000042000000142000002573089    4                       1         
G0793003000026716    2019011020190114826100000004200105320181221000818014164100100000000042000000142000002583089    4                       1         
G0793003000026716    2019011020190114826100000001850105320181221000907014171200100000000018500000142000002593089    4                       1         
G0793003000026716    2019011020190114826100000001300105320190121000382014210900100000000013000000142000002603089    4                       1         
G0793003000026716    2019011020190114826000000010350105320190121000045014180700100000000103500000142000002613089    4                       1         
G0793003000026716    2019011020190114826800000004300105320190121000470014219000100000000043000000142000002623089    4                       1         
G0793003000026716    2019011020190114826800000004300105320181221000726014156700100000000043000000142000002633089    4                       1         
G0793003000026716    2019011020190114826600000008600105320190121000007014177100100000000086000000142000002643089    4                       1         
G0793003000026716    2019011020190114826800000004200105320190114000297010279300100000000042000000142000002651829    4                       1         
G0793003000026716    2019011020190114826800000004200105320190114000178010270900100000000042000000142000002661829    4                       1         
G0793003000026716    2019011020190114826800000004200105320190114000125010266900100000000042000000142000002671829    4                       1         
G0793003000026716    2019011020190114826000000004200105320190114001197010339500100000000042000000142000002681829    4                       1         
G0793003000026716    2019011020190114826000000004200105320190114000095010264700100000000042000000142000002691829    4                       1         
G0793003000026716    2019011020190114826000000004200105320181213001606010246800100000000042000000142000002701829    4                       1         
G0793003000026716    2019011020190114826800000004200105320181213000092010136700100000000042000000142000002711829    4                       1         
G0793003000026716    2019011020190114826600000004800105320190114000626010301300100000000048000000142000002721829    4                       1         
G0793003000026716    2019011020190114826600000004200105320190114000112010265800100000000042000000142000002731829    4                       1         
G0793003000026716    2019011020190114826500000007950105320190114000042010260600100000000079500000142000002741829    4                       1         
G0793003000026716    2019011020190114826500000004900105320190114000917010323400100000000049000000142000002751829    4                       1         
G0793003000026716    2019011020190114826900000012600105320190114001619010367300100000000126000000142000002761829    4                       1         
G0793003000026716    2019011020190114826500000004200105320181213000189010144100100000000042000000142000002771829    4                       1         
G0793003000026716    2019011020190114826500000004200105320181114001389010101900100000000042000000142000002781829    4                       1         
G0793003000026716    2019011020190114826400000004200105320190114001767010376500100000000042000000142000002791829    4                       1         
G0793003000026716    2019011020190114826400000004200105320190114001389010379300100000000042000000142000002801829    4                       1         
G0793003000026716    2019011020190114826400000004200105320190114000250010275900100000000042000000142000002811829    4                       1         
G0793003000026716    2019011020190114826400000014400105320190114000461010290100100000000144000000142000002821829    4                       1         
G0793003000026716    2019011020190114826400000004300105320190114001396010352800100000000043000000142000002831829    4                       1         
G0793003000026716    2019011020190114826200000004200105320190114001570010363700100000000042000000142000002841829    4                       1         
G0793003000026716    2019011020190114826200000004200105320190114000409010286400100000000042000000142000002851829    4                       1         
G0793003000026716    2019011020190114826100000004300105320181213001189010216300100000000043000000142000002861829    4                       1         
G0793003000026716    2019011020190114826300000004200105320190114000376010284400100000000042000000142000002871829    4                       1         
G0793003000026716    2019011020190114826700000004200105320181213000542010168600100000000042000000142000002881829    4                       1         
G0793003000026716    2019011020190114826700000004200105320181114001529010112700100000000042000000142000002891829    4                       1         
G0793003000026716    2019011020190114826200000039300105320190114000175010270600100000000393000000142000002901829    4                       1         
G0793003000026716    2019011020190114826200000010100105320190114001336010348400100000000101000000142000002911829    4                       1         
G0793003000026716    2019011020190114826200000007850105320190114000093010264500100000000078500000142000002921829    4                       1         
G0793003000026716    2019011020190114826500000007450105320190103000334000384000100000000074500000142000002931141    4                       1         
G0793003000026716    2019011020190114826500000006050105320190103000693000413300100000000060500000142000002941141    4                       1         
G0793003000026716    2019011020190114826500000005350105320190103000172000371700100000000053500000142000002951141    4                       1         
G0793003000026716    2019011020190114826500000004300105320190103001741000488900100000000043000000142000002961141    4                       1         
G0793003000026716    2019011020190114826500000004300105320190103001082000443000100000000043000000142000002971141    4                       1         
G0793003000026716    2019011020190114826500000004200105320190103001605000478800100000000042000000142000002981141    4                       1         
G0793003000026716    2019011020190114826500000004200105320190103000672000411800100000000042000000142000002991141    4                       1         
G0793003000026716    2019011020190114826500000004200105320181203001483000301700100000000042000000142000003001141    4                       1         
G0793003000026716    2019011020190114826500000004200105320181203001394000295500100000000042000000142000003011141    4                       1         
G0793003000026716    2019011020190114826500000004200105320181203000986000263700100000000042000000142000003021141    4                       1         
G0793003000026716    2019011020190114826300000004350105320190103001394000464400100000000043500000142000003031141    4                       1         
G0793003000026716    2019011020190114826300000004300105320190103001680000484400100000000043000000142000003041141    4                       1         
G0793003000026716    2019011020190114826300000004300105320190103000499000397800100000000043000000142000003051141    4                       1         
G0793003000026716    2019011020190114826200000004300105320190103001049000440400100000000043000000142000003061141    4                       1         
G0793003000026716    2019011020190114826400000009500105320181203001533000305400100000000095000000142000003071141    4                       1         
G0793003000026716    2019011020190114826400000004900105320190103000904000429500100000000049000000142000003081141    4                       1         
G0793003000026716    2019011020190114826400000004300105320190103000573000404300100000000043000000142000003091141    4                       1         
G0793003000026716    2019011020190114826400000004300105320190103000248000377200100000000043000000142000003101141    4                       1         
G0793003000026716    2019011020190114826200000004200105320181203001878000332200100000000042000000142000003111141    4                       1         
G0793003000026716    2019011020190114826200000004200105320181203001741000321100100000000042000000142000003121141    4                       1         
G0793003000026716    2019011020190114826700000004300105320190103001526000473700100000000043000000142000003131141    4                       1         
G0793003000026716    2019011020190114826700000004300105320190103000697000413600100000000043000000142000003141141    4                       1         
G0793003000026716    2019011020190114826700000004200105320181203002215000358400100000000042000000142000003151141    4                       1         
G0793003000026716    2019011020190114826200000011900105320190103000553000402600100000000119000000142000003161141    4                       1         
G0793003000026716    2019011020190114826600000005350105320190103001032000439100100000000053500000142000003171141    4                       1         
G0793003000026716    2019011020190114826600000015650105320190114001374010351200100000000156500000142000003181829    4                       1         
G0793003000026716    2019011020190114826800000004800105320190114001401010353000100000000048000000142000003191829    4                       1         
G0793003000026716    2019011020190114826900000004200105320190114000413010286700100000000042000000142000003201829    4                       1         
G0793003000026716    2019011020190114826900000004200105320181213000654010177200100000000042000000142000003211829    4                       1         
G0793003000026716    2019011020190114826800000005350105320181213001460010236500100000000053500000142000003221829    4                       1         
G0793003000026716    2019011020190114826100000004200105320190114001466010357500100000000042000000142000003231829    4                       1         
G0793003000026716    2019011020190114826100000004200105320190114000530010294500100000000042000000142000003241829    4                       1         
G0793003000026716    2019011020190114826100000004200105320190114000417010286900100000000042000000142000003251829    4                       1         
G0793003000026716    2019011020190114826100000004200105320181213001389010230800100000000042000000142000003261829    4                       1         
G0793003000026716    2019011020190114826100000004200105320181213001145010213600100000000042000000142000003271829    4                       1         
G0793003000026716    2019011020190114826800000004300105320190114001280010345100100000000043000000142000003281829    4                       1         
G0793003000026716    2019011020190114826800000004300105320190114000780010313800100000000043000000142000003291829    4                       1         
G0793003000026716    2019011020190114826800000004200105320190114001475010358100100000000042000000142000003301829    4                       1         
G0793003000026716    2019011020190114826800000004200105320190114001311010347200100000000042000000142000003311829    4                       1         
G0793003000026716    2019011020190114826800000004200105320190114000732010309600100000000042000000142000003321829    4                       1         
G0793003000026716    2019011020190114826000000008050105320190114000574010297400100000000080500000142000003331829    4                       1         
G0793003000026716    2019011020190114826800000004200105320190114000520010293800100000000042000000142000003341829    4                       1         
G0793003000026716    2019011020190114826200000006550105320190114000166010270000100000000065500000142000003351829    4                       1         
G0793003000026716    2019011020190114826200000004900105320190114000104010265200100000000049000000142000003361829    4                       1         
G0793003000026716    2019011020190114826200000004300105320190114000542010295200100000000043000000142000003371829    4                       1         
G0793003000026716    2019011020190114826600000007850105320190114000252010276000100000000078500000142000003381829    4                       1         
G0793003000026716    2019011020190114826500000004450105320190121000248014198800100000000044500000142000003393089    4                       1         
G0793003000026716    2019011020190114826800000004200105320190121000591014229600100000000042000000142000003403089    4                       1         
G0793003000026716    2019011020190114826800000004200105320190121000269014200800100000000042000000142000003413089    4                       1         
G0793003000026716    2019011020190114826000000007850105320181221000221014109400100000000078500000142000003423089    4                       1         
G0793003000026716    2019011020190114826000000005950105320181221000810014163500100000000059500000142000003433089    4                       1         
G0793003000026716    2019011020190114826000000004200105320190121000158014191000100000000042000000142000003443089    4                       1         
G0793003000026716    2019011020190114826000000004200105320190121000130014188400100000000042000000142000003453089    4                       1         
G0793003000026716    2019011020190114826000000004200105320181121000479014045900100000000042000000142000003463089    4                       1         
G0793003000026716    2019011020190114826800000004200105320181221000927014172600100000000042000000142000003473089    4                       1         
G0793003000026716    2019011020190114826800000004200105320181121000790014073400100000000042000000142000003483089    4                       1         
G0793003000026716    2019011020190114826800000001300105320181221000464014132300100000000013000000142000003493089    4                       1         
G0793003000026716    2019011020190114826700000011700105320190121000050014181200100000000117000000142000003503089    4                       1         
G0793003000026716    2019011020190114826600000004300105320181221000865014167700100000000043000000142000003513089    4                       1         
G0793003000026716    2019011020190114826700000007100105320190121000881014254700100000000071000000142000003523089    4                       1         
G0793003000026716    2019011020190114826700000007100105320181221000360014122600100000000071000000142000003533089    4                       1         
G0793003000026716    2019011020190114826200000005950105320190115000362022032600100000000059500000142000003543738    4                       1         
G0793003000026716    2019011020190114826700000007100105320181221000043014092200100000000071000000142000003553089    4                       1         
G0793003000026716    2019011020190114826700000005950105320190121000137014189100100000000059500000142000003563089    4                       1         
G0793003000026716    2019011020190114826700000004800105320190121000734014242900100000000048000000142000003573089    4                       1         
G0793003000026716    2019011020190114826700000004400105320190121000292014202700100000000044000000142000003583089    4                       1         
G0793003000026716    2019011020190114826600000004200105320181221000735014157300100000000042000000142000003593089    4                       1         
G0793003000026716    2019011020190114826600000004200105320181221000479014133700100000000042000000142000003603089    4                       1         
G0793003000026716    2019011020190114826600000004200105320181221000282014115200100000000042000000142000003613089    4                       1         
G0793003000026716    2019011020190114826600000004200105320181221000054014093300100000000042000000142000003623089    4                       1         
G0793003000026716    2019011020190114826600000004200105320181121000667014063100100000000042000000142000003633089    4                       1         
G0793003000026716    2019011020190114826600000004200105320181121000529014050700100000000042000000142000003643089    4                       1         
G0793003000026716    2019011020190114826600000004200105320181121000464014044500100000000042000000142000003653089    4                       1         
G0793003000026716    2019011020190114826600000004200105320181121000418014040100100000000042000000142000003663089    4                       1         
G0793003000026716    2019011020190114826600000004200105320181121000359014034500100000000042000000142000003673089    4                       1         
G0793003000026716    2019011020190114826500000005950105320190121000241014198300100000000059500000142000003683089    4                       1         
G0793003000026716    2019011020190114826500000004300105320181221000208014108200100000000043000000142000003693089    4                       1         
G0793003000026716    2019011020190114826500000004200105320190121000274014201100100000000042000000142000003703089    4                       1         
G0793003000026716    2019011020190114826900000006950105320190121000517014223300100000000069500000142000003713089    4                       1         
G0793003000026716    2019011020190114826900000005500105320190121000909014256900100000000055000000142000003723089    4                       1         
G0793003000026716    2019011020190114826900000004200105320190121000390014211700100000000042000000142000003733089    4                       1         
G0793003000026716    2019011020190114826900000004200105320190121000038014180000100000000042000000142000003743089    4                       1         
G0793003000026716    2019011020190114826500000004200105320181221000006014088600100000000042000000142000003753089    4                       1         
G0793003000026716    2019011020190114826400000004200105320190121000726014242400100000000042000000142000003763089    4                       1         
G0793003000026716    2019011020190114826400000004200105320190121000546014225800100000000042000000142000003773089    4                       1         
G0793003000026716    2019011020190114826400000004200105320190121000439014215900100000000042000000142000003783089    4                       1         
G0793003000026716    2019011020190114826400000004200105320190121000364014209300100000000042000000142000003793089    4                       1         
G0793003000026716    2019011020190114826400000004200105320190121000058014181900100000000042000000142000003803089    4                       1         
G0793003000026716    2019011020190114826400000004200105320181221000418014127900100000000042000000142000003813089    4                       1         
G0793003000026716    2019011020190114826000000004200105320190115000439022039400100000000042000000142000003823738    4                       1         
G0793003000026716    2019011020190114826900000004200105320190115000253022023000100000000042000000142000003833738    4                       1         
G0793003000026716    2019011020190114826000000005950105320190115000441022039600100000000059500000142000003843738    4                       1         
G0793003000026716    2019011020190114826200000004200105320190115000340022030600100000000042000000142000003853738    4                       1         
G0793003000026716    2019011020190114826900000005350105320190115000184022016400100000000053500000142000003863738    4                       1         
G0793003000026716    2019011020190114826600000004200105320190115000002022000200100000000042000000142000003873738    4                       1         
G0793003000026716    2019011020190114826700000005350105320190115000285022025800100000000053500000142000003883738    4                       1         
G0793003000026716    2019011020190114826500000004200105320190115000697022062000100000000042000000142000003893738    4                       1         
G0793003000026716    2019011020190114826400000004200105320190115000703022062600100000000042000000142000003903738    4                       1         
G0793003000026716    2019011020190114826400000004200105320190115000298022026900100000000042000000142000003913738    4                       1         
G0793003000026716    2019011020190114826700000004200105320190115000560022050300100000000042000000142000003923738    4                       1         
G0793003000026716    2019011020190114826700000004200105320190115000702022062500100000000042000000142000003933738    4                       1         
G0793003000026716    2019011020190114826200000004200105320190115000324022029300100000000042000000142000003943738    4                       1         
G0793003000026716    2019011020190114826100000010850105320190115000582022052200100000000108500000142000003953738    4                       1         
G0793003000026716    2019011020190114826100000008450105320190115000163022014300100000000084500000142000003963738    4                       1         
G0793003000026716    2019011020190114826100000008450105320190115000110022009800100000000084500000142000003973738    4                       1         
G0793003000026716    2019011020190114826100000004200105320190115000536022047900100000000042000000142000003983738    4                       1         
G0793003000026716    2019011020190114826700000004200105320190115000567022050900100000000042000000142000003993738    4                       1         
G0793003000026716    2019011020190114826300000004200105320190115000532022047500100000000042000000142000004003738    4                       1         
Z00040200000000001972370                                                                                                                              
