A2201053              HIDROFORTETOCANTINS 104CAIXA ECON. FEDERAL 2019011200152903                                                                     
G0793003000026716    2019011120190114826600000004650105300100000061283002556600000000000046500000142000000013089    2                       1         
G0793003000026716    2019011120190114826400000004100105300100000070250035646600000000000041000000142000000021829    3                       1         
G0793003000026716    2019011120190114826100000007100105300100000070285035571800000000000071000000142000000031829    3                       1         
G0793003000026716    2019011120190115826800000003850105300100000060227002465100000000000038500000142000000042734    4                       1         
G0793003000026716    2019011120190115826000000004200105300100000071388081524000000000000042000000142000000051829    4                       1         
G0793003000026716    2019011120190115826800000004050105300100000070404020281300000000000040500000142000000061829    4                       1         
G0793003000026716    2019011120190115826600000001300105300100000070283020245600000000000013000000142000000071829    4                       1         
G0793003000026716    2019011120190115826400000001250105300100000070298020274100000000000012500000142000000081829    4                       1         
G0793003000026716    2019011120190115826300000004050105300100000070149020264100000000000040500000142000000091829    4                       1         
G0793003000026716    2019011120190115826900000007550105300100000070169020238100000000000075500000142000000101829    4                       1         
G0793003000026716    2019011120190115826900000004050105300100000070111020261600000000000040500000142000000111829    4                       1         
G0793003000026716    2019011120190115826400000004250105300100000070383020279800000000000042500000142000000121829    4                       1         
G0793003000026716    2019011120190115826700000001250105300100000070390020280400000000000012500000142000000131829    4                       1         
G0793003000026716    2019011120190115826500000001300105300100000070293020246500000000000013000000142000000141829    4                       1         
G0793003000026716    2019011120190115826900000004600105300100000070144020263800000000000046000000142000000151829    4                       1         
G0793003000026716    2019011120190115826300000005700105300100000070122020262300000000000057000000142000000161829    4                       1         
G0793003000026716    2019011120190115826700000001250105300100000070375020279000000000000012500000142000000171829    4                       1         
G0793003000026716    2019011120190115826000000004050105300100000070059020231600000000000040500000142000000181829    4                       1         
G0793003000026716    2019011120190115826800000004200105300100000070378020252100000000000042000000142000000191829    4                       1         
G0793003000026716    2019011120190115826000000004050105300100000070290020273500000000000040500000142000000201829    4                       1         
G0793003000026716    2019011120190115826400000003850105300100000060502002488700000000000038500000142000000212776    4                       1         
G0793003000026716    2019011120190115826600000008850105300100000006022006708500000000000088500000142000000223863    4                       1         
G0793003000026716    2019011120190115826000000003200105300100000000590006714100000000000032000000142000000233863    4                       1         
G0793003000026716    2019011120190115826700000005050105300100000005978006776800000000000050500000142000000243863    4                       1         
G0793003000026716    2019011120190115826300000004950105300100000004610006751500000000000049500000142000000253863    4                       1         
G0793003000026716    2019011120190115826300000004850105300100000000830006644700000000000048500000142000000263863    4                       1         
G0793003000026716    2019011120190115826300000003500105300100000006015006707900000000000035000000142000000273863    4                       1         
G0793003000026716    2019011120190115826300000003400105300100000005615006766200000000000034000000142000000283863    4                       1         
G0793003000026716    2019011120190115826400000003850105300100000060502002384000000000000038500000142000000292776    4                       1         
G0793003000026716    2019011120190115826500000003850105300100000060353002370700000000000038500000142000000303738    4                       1         
G0793003000026716    2019011120190115826600000004250105300100000070043035633300000000000042500000142000000311829    4                       1         
G0793003000026716    2019011120190115826400000003900105300100000060865002519900000000000039000000142000000323738    4                       1         
G0793003000026716    2019011120190115826900000009150105300100000060485002487300000000000091500000142000000333738    4                       1         
G0793003000026716    2019011120190115826900000005300105300100000061182002547700000000000053000000142000000343738    4                       1         
G0793003000026716    2019011120190115826200000003900105300100000060874002520800000000000039000000142000000353738    4                       1         
G0793003000026716    2019011120190115826900000003800105300100000060252002467400000000000038000000142000000363738    4                       1         
G0793003000026716    2019011120190115826800000005900105300100000060429002482100000000000059000000142000000373738    4                       1         
G0793003000026716    2019011120190115826800000005400105300100000060716002506500000000000054000000142000000383738    4                       1         
G0793003000026716    2019011120190115826900000011950105300100000060055002458900000000000119500000142000000393738    4                       1         
G0793003000026716    2019011120190115826700000003850105300100000061176002547200000000000038500000142000000403738    4                       1         
G0793003000026716    2019011120190115826700000003750105300100000060830002412800000000000037500000142000000413738    4                       1         
G0793003000026716    2019011120190115826600000006450105300100000060353002475700000000000064500000142000000423738    4                       1         
G0793003000026716    2019011120190115826800000003800105300100000060962002528800000000000038000000142000000433738    4                       1         
G0793003000026716    2019011120190115826700000008300105300100000060715002506400000000000083000000142000000443738    4                       1         
G0793003000026716    2019011120190115826700000007350105300100000061288002557100000000000073500000142000000453738    4                       1         
G0793003000026716    2019011120190115826400000015150105300100000070271035648500000000000151500000142000000461829    4                       1         
G0793003000026716    2019011120190115826100000004300105300100000070988035699900000000000043000000142000000471829    4                       1         
G0793003000026716    2019011120190115826500000007050105300100000070599035595300000000000070500000142000000481829    4                       1         
G0793003000026716    2019011120190115826100000004100105300100000070373035578000000000000041000000142000000491829    4                       1         
G0793003000026716    2019011120190115826700000004200105300100000070731035605800000000000042000000142000000501829    4                       1         
G0793003000026716    2019011120190115826700000004100105300100000070966035468000000000000041000000142000000511829    4                       1         
G0793003000026716    2019011120190115826100000012350105300100000070528035666800000000000123500000142000000521829    4                       1         
G0793003000026716    2019011120190115826500000004100105300100000070966035622700000000000041000000142000000531829    4                       1         
G0793003000026716    2019011120190115826100000007650105300100000070859035690600000000000076500000142000000541829    4                       1         
G0793003000026716    2019011120190115826800000006250105300100000071048035703800000000000062500000142000000551829    4                       1         
G0793003000026716    2019011120190115826600000004300105300100000070364035655000000000000043000000142000000561829    4                       1         
G0793003000026716    2019011120190115826000000004200105300100000070204035642800000000000042000000142000000571829    4                       1         
G0793003000026716    2019011120190115826800000004200105300100000070160035639300000000000042000000142000000581829    4                       1         
G0793003000026716    2019011120190115826000000004150105300100000070264035647900000000000041500000142000000591829    4                       1         
G0793003000026716    2019011120190115826700000005950105300100000070964035698100000000000059500000142000000601829    4                       1         
G0793003000026716    2019011120190115826200000004300105300100000070894035692400000000000043000000142000000611829    4                       1         
G0793003000026716    2019011120190115826300000004200105300100000070615035596600000000000042000000142000000621829    4                       1         
G0793003000026716    2019011120190115826300000004200105300100000070016035631700000000000042000000142000000631829    4                       1         
G0793003000026716    2019011120190115826300000000100105300100000071041035627800000000000001000000142000000641829    4                       1         
G0793003000026716    2019011120190115826200000007500105300100000005810006700800000000000075000000142000000653863    4                       1         
G0793003000026716    2019011120190115826600000003200105300100000005929006774200000000000032000000142000000663863    4                       1         
G0793003000026716    2019011120190115826600000003100105300100000005640006696400000000000031000000142000000673863    4                       1         
G0793003000026716    2019011120190115826500000011400105300100000006022006779700000000000114000000142000000683863    4                       1         
G0793003000026716    2019011120190115826400000004800105300100000003600006742400000000000048000000142000000693863    4                       1         
G0793003000026716    2019011120190115826500000003250105300100000001320006721100000000000032500000142000000703863    4                       1         
G0793003000026716    2019011120190115826500000003200105300100000005885006773400000000000032000000142000000713863    4                       1         
G0793003000026716    2019011120190115826200000003200105300100000005715006698900000000000032000000142000000723863    4                       1         
G0793003000026716    2019011120190115826800000004800105300100000004000006745700000000000048000000142000000733863    4                       1         
G0793003000026716    2019011120190115826500000008400105300100000061089002436000000000000084000000142000000743738    4                       1         
G0793003000026716    2019011120190115826500000004400105300100000060229002465300000000000044000000142000000753738    4                       1         
G0793003000026716    2019011120190115826700000010500105300100000070269081417600000000000105000000142000000763939    4                       1         
G0793003000026716    2019011120190115826000000004200105300100000071936081576200000000000042000000142000000773939    4                       1         
G0793003000026716    2019011120190115826700000006950105300100000070783081466600000000000069500000142000000783939    4                       1         
G0793003000026716    2019011120190115826700000006350105300100000070019081237600000000000063500000142000000793939    4                       1         
G0793003000026716    2019011120190115826300000004100105300100000071186081504300000000000041000000142000000803939    4                       1         
G0793003000026716    2019011120190115826300000004100105300100000070458081435600000000000041000000142000000813939    4                       1         
G0793003000026716    2019011120190115826200000005800105300100000070867081474500000000000058000000142000000823939    4                       1         
G0793003000026716    2019011120190115826200000004250105300100000070882081475900000000000042500000142000000833939    4                       1         
G0793003000026716    2019011120190115826200000007750105300100000060473002486300000000000077500000142000000843738    4                       1         
G0793003000026716    2019011120190115826600000003800105300100000060447002483800000000000038000000142000000853738    4                       1         
G0793003000026716    2019011120190115826100000004150105300100000070105035637600000000000041500000142000000861829    4                       1         
G0793003000026716    2019011120190115826000000010900105300100000071451081529800000000000109000000142000000873939    4                       1         
G0793003000026716    2019011120190115826300000015750105300100000070269081244100000000000157500000142000000883939    4                       1         
G0793003000026716    2019011120190115826500000001250105300100000070316081422100000000000012500000142000000893939    4                       1         
G0793003000026716    2019011120190115826000000007050105300100000071555081539200000000000070500000142000000903939    4                       1         
G0793003000026716    2019011120190115826200000004200105300100000070471081436700000000000042000000142000000913939    4                       1         
G0793003000026716    2019011120190115826600000004100105300100000070734081288200000000000041000000142000000923939    4                       1         
G0793003000026716    2019011120190115826800000009350105300100000070808081469000000000000093500000142000000933939    4                       1         
G0793003000026716    2019011120190115826600000004100105300100000070021081411300000000000041000000142000000943939    4                       1         
G0793003000026716    2019011120190115826800000004950105300100000071870081569700000000000049500000142000000953939    4                       1         
G0793003000026716    2019011120190115826100000005350105300100000070671081455700000000000053500000142000000963939    4                       1         
G0793003000026716    2019011120190115826500000003700105300100000071704081553600000000000037000000142000000973939    4                       1         
G0793003000026716    2019011120190115826300000003200105300100000005320006757600000000000032000000142000000980793    4                       1         
G0793003000026716    2019011120190115826400000004100105300100000070458081262000000000000041000000142000000993939    4                       1         
G0793003000026716    2019011120190115826200000004100105300100000070405081430600000000000041000000142000001003939    4                       1         
G0793003000026716    2019011120190115826200000002850105300100000071991081580700000000000028500000142000001013939    4                       1         
G0793003000026716    2019011120190115826400000003550105300100000071078081320700000000000035500000142000001023939    4                       1         
G0793003000026716    2019011120190115826200000003100105300100000005340006758000000000000031000000142000001030793    4                       1         
G0793003000026716    2019011120190115826100000004500105300100000070684081457000000000000045000000142000001043939    4                       1         
G0793003000026716    2019011120190115826600000004100105300100000071496081534100000000000041000000142000001053939    4                       1         
G0793003000026716    2019011120190115826600000004100105300100000071081081494500000000000041000000142000001063939    4                       1         
G0793003000026716    2019011120190115826800000004300105300100000071875081570200000000000043000000142000001073939    4                       1         
G0793003000026716    2019011120190115826100000004100105300100000071281081513500000000000041000000142000001083939    4                       1         
G0793003000026716    2019011120190115826400000004400105300100000071334081518800000000000044000000142000001093939    4                       1         
G0793003000026716    2019011120190115826400000004200105300100000071191081504800000000000042000000142000001103939    4                       1         
G0793003000026716    2019011120190115826600000004200105300100000071962081578600000000000042000000142000001113939    4                       1         
G0793003000026716    2019011120190115826600000004150105300100000070405081256900000000000041500000142000001123939    4                       1         
G0793003000026716    2019011120190115826200000001300105300100000070531081442000000000000013000000142000001133939    4                       1         
G0793003000026716    2019011120190115826200000001250105300100000071078081494200000000000012500000142000001143939    4                       1         
G0793003000026716    2019011120190115826800000004150105300100000070021081237700000000000041500000142000001153939    4                       1         
G0793003000026716    2019011120190115826100000003450105300100000070551081443900000000000034500000142000001163939    4                       1         
G0793003000026716    2019011120190115826400000003850105300100000061186002444900000000000038500000142000001173738    4                       1         
G0793003000026716    2019011120190115826100000004050105300100000061176002444000000000000040500000142000001183738    4                       1         
G0793003000026716    2019011120190115826600000003850105300100000061186002548100000000000038500000142000001193738    4                       1         
G0793003000026716    2019011120190115826600000001150105300100000061208002550100000000000011500000142000001203738    4                       1         
G0793003000026716    2019011120190115826100000001300105300100000071738081383500000000000013000000142000001213939    4                       1         
G0793003000026716    2019011120190115826100000001250105300100000070859081473800000000000012500000142000001223939    4                       1         
G0793003000026716    2019011120190115826000000004300105300100000070565081445100000000000043000000142000001233939    4                       1         
G0793003000026716    2019011120190115826100000004400105300100000070734081461700000000000044000000142000001243939    4                       1         
G0793003000026716    2019011120190115826400000009050105300100000071600081543700000000000090500000142000001253939    4                       1         
G0793003000026716    2019011120190115826400000004750105300100000071228081508200000000000047500000142000001263939    4                       1         
G0793003000026716    2019011120190115826900000003800105300100000070015081237400000000000038000000142000001273939    4                       1         
G0793003000026716    2019011120190115826800000010150105300100000071290081514400000000000101500000142000001283939    4                       1         
G0793003000026716    2019011120190115826300000001300105320181221000707014155000100000000013000000142000001293089    4                       1         
G0793003000026716    2019011120190115826400000004200105320190114000399010285900100000000042000000142000001301829    4                       1         
G0793003000026716    2019011120190115826400000004200105320181213001251010221000100000000042000000142000001311829    4                       1         
G0793003000026716    2019011120190115826400000004200105320181213000741010184700100000000042000000142000001321829    4                       1         
G0793003000026716    2019011120190115826700000004200105320190114001674010370300100000000042000000142000001331829    4                       1         
G0793003000026716    2019011120190115826600000004200105320190114001231010341900100000000042000000142000001341829    4                       1         
G0793003000026716    2019011120190115826000000004200105320190121000637014234000100000000042000000142000001353089    4                       1         
G0793003000026716    2019011120190115826800000004200105320181121000707014066900100000000042000000142000001363089    4                       1         
G0793003000026716    2019011120190115826500000004200105320190114001566010363400100000000042000000142000001371829    4                       1         
G0793003000026716    2019011120190115826300000004300105320190103001246000454500100000000043000000142000001381141    4                       1         
G0793003000026716    2019011120190115826100000004350105320190103000013000360400100000000043500000142000001391141    4                       1         
G0793003000026716    2019011120190115826100000004300105320190103001914000501800100000000043000000142000001401141    4                       1         
G0793003000026716    2019011120190115826100000004300105320190103000798000421800100000000043000000142000001411141    4                       1         
G0793003000026716    2019011120190115826100000004300105320190103000270000379300100000000043000000142000001421141    4                       1         
G0793003000026716    2019011120190115826100000004300105320181203002007000342200100000000043000000142000001431141    4                       1         
G0793003000026716    2019011120190115826000000011950105320190103001570000476100100000000119500000142000001441141    4                       1         
G0793003000026716    2019011120190115826000000010300105320190103000421000391300100000000103000000142000001451141    4                       1         
G0793003000026716    2019011120190115826000000008700105320181203002056000345900100000000087000000142000001461141    4                       1         
G0793003000026716    2019011120190115826000000005350105320181203000308000207700100000000053500000142000001471141    4                       1         
G0793003000026716    2019011120190115826000000004800105320181203001939000336600100000000048000000142000001481141    4                       1         
G0793003000026716    2019011120190115826500000004200105320190114001377010351500100000000042000000142000001491829    4                       1         
G0793003000026716    2019011120190115826000000004800105320181203001043000267900100000000048000000142000001501141    4                       1         
G0793003000026716    2019011120190115826000000004300105320190103001325000459600100000000043000000142000001511141    4                       1         
G0793003000026716    2019011120190115826000000004300105320190103000921000430800100000000043000000142000001521141    4                       1         
G0793003000026716    2019011120190115826000000004300105320190103000689000413000100000000043000000142000001531141    4                       1         
G0793003000026716    2019011120190115826000000004300105320190103000081000365100100000000043000000142000001541141    4                       1         
G0793003000026716    2019011120190115826500000004200105320181213000722010182900100000000042000000142000001551829    4                       1         
G0793003000026716    2019011120190115826300000007300105320190114001487010358700100000000073000000142000001561829    4                       1         
G0793003000026716    2019011120190115826900000008600105320190114000031010260200100000000086000000142000001571829    4                       1         
G0793003000026716    2019011120190115826900000005650105320181213000674010179000100000000056500000142000001581829    4                       1         
G0793003000026716    2019011120190115826500000008050105320190103000124000368300100000000080500000142000001591141    4                       1         
G0793003000026716    2019011120190115826500000004400105320190103001458000468700100000000044000000142000001601141    4                       1         
G0793003000026716    2019011120190115826400000004350105320190103000742000417300100000000043500000142000001611141    4                       1         
G0793003000026716    2019011120190115826400000004300105320190103000094000366100100000000043000000142000001621141    4                       1         
G0793003000026716    2019011120190115826400000004200105320190103002173000519900100000000042000000142000001631141    4                       1         
G0793003000026716    2019011120190115826400000004200105320190103000386000388200100000000042000000142000001641141    4                       1         
G0793003000026716    2019011120190115826400000004200105320181203001150000276900100000000042000000142000001651141    4                       1         
G0793003000026716    2019011120190115826500000004200105320181203000013000184400100000000042000000142000001661141    4                       1         
G0793003000026716    2019011120190115826300000005350105320181203001152000277100100000000053500000142000001671141    4                       1         
G0793003000026716    2019011120190115826900000006550105320190103000618000408300100000000065500000142000001681141    4                       1         
G0793003000026716    2019011120190115826200000004200105320190115000659018055300100000000042000000142000001691141    4                       1         
G0793003000026716    2019011120190115826200000004200105320190103000985000527600100000000042000000142000001701141    4                       1         
G0793003000026716    2019011120190115826900000005350105320181213001510010240200100000000053500000142000001711829    4                       1         
G0793003000026716    2019011120190115826200000004200105320190114001318010347600100000000042000000142000001721829    4                       1         
G0793003000026716    2019011120190115826200000004200105320190114000276010277900100000000042000000142000001731829    4                       1         
G0793003000026716    2019011120190115826200000004200105320181101000985000083000100000000042000000142000001741141    4                       1         
G0793003000026716    2019011120190115826200000004200105320181101000839000071100100000000042000000142000001751141    4                       1         
G0793003000026716    2019011120190115826900000004400105320190103000039000362400100000000044000000142000001761141    4                       1         
G0793003000026716    2019011120190115826900000004300105320190103001502000471600100000000043000000142000001771141    4                       1         
G0793003000026716    2019011120190115826100000010850105320181203001890000332900100000000108500000142000001781141    4                       1         
G0793003000026716    2019011120190115826100000009550105320190103002131000516500100000000095500000142000001791141    4                       1         
G0793003000026716    2019011120190115826200000004200105320181213001454010236000100000000042000000142000001801829    4                       1         
G0793003000026716    2019011120190115826100000011700105320190114001088010332900100000000117000000142000001811829    4                       1         
G0793003000026716    2019011120190115826900000004200105320190114000273010277700100000000042000000142000001821829    4                       1         
G0793003000026716    2019011120190115826900000004200105320181213001278010222600100000000042000000142000001831829    4                       1         
G0793003000026716    2019011120190115826800000004900105320181213001674010251500100000000049000000142000001841829    4                       1         
G0793003000026716    2019011120190115826000000004300105320181213001352010227700100000000043000000142000001851829    4                       1         
G0793003000026716    2019011120190115826100000004350105320190114001200010339600100000000043500000142000001861829    4                       1         
G0793003000026716    2019011120190115826000000004200105320190114000014010259000100000000042000000142000001871829    4                       1         
G0793003000026716    2019011120190115826600000004200105320190114000338010282200100000000042000000142000001881829    4                       1         
G0793003000026716    2019011120190115826800000004200105320190114000418010287000100000000042000000142000001891829    4                       1         
G0793003000026716    2019011120190115826900000004200105320190103001904000501100100000000042000000142000001901141    4                       1         
G0793003000026716    2019011120190115826900000004200105320190103001377000463300100000000042000000142000001911141    4                       1         
G0793003000026716    2019011120190115826900000004200105320181203000398000215100100000000042000000142000001921141    4                       1         
G0793003000026716    2019011120190115826800000011700105320181203001922000335500100000000117000000142000001931141    4                       1         
G0793003000026716    2019011120190115826800000007250105320190103001864000497900100000000072500000142000001941141    4                       1         
G0793003000026716    2019011120190115826800000005500105320181203000618000234400100000000055000000142000001951141    4                       1         
G0793003000026716    2019011120190115826800000004800105320181203000153000195300100000000048000000142000001961141    4                       1         
G0793003000026716    2019011120190115826800000004300105320190103000878000427800100000000043000000142000001971141    4                       1         
G0793003000026716    2019011120190115826900000010000105320190103000025000361300100000000100000000142000001981141    4                       1         
G0793003000026716    2019011120190115826100000006550105320190103000870000427200100000000065500000142000001991141    4                       1         
G0793003000026716    2019011120190115826100000004350105320190103002045000510700100000000043500000142000002001141    4                       1         
G0793003000026716    2019011120190115826600000013750105320181203001615000311400100000000137500000142000002011141    4                       1         
G0793003000026716    2019011120190115826600000007400105320190103002222000523600100000000074000000142000002021141    4                       1         
G0793003000026716    2019011120190115826600000004300105320190103000009000360000100000000043000000142000002031141    4                       1         
G0793003000026716    2019011120190115826600000004200105320181203001593000309600100000000042000000142000002041141    4                       1         
G0793003000026716    2019011120190115826800000004200105320181203000985000263600100000000042000000142000002051141    4                       1         
G0793003000026716    2019011120190115826700000012600105320181203001518000304400100000000126000000142000002061141    4                       1         
G0793003000026716    2019011120190115826000000004200105320190103001613000479500100000000042000000142000002071141    4                       1         
G0793003000026716    2019011120190115826700000004800105320181203001347000291700100000000048000000142000002081141    4                       1         
G0793003000026716    2019011120190115826700000004300105320181203001904000334200100000000043000000142000002091141    4                       1         
G0793003000026716    2019011120190115826700000004200105320181203000819000250500100000000042000000142000002101141    4                       1         
G0793003000026716    2019011120190115826800000004200105320190114000319010280800100000000042000000142000002111829    4                       1         
G0793003000026716    2019011120190115826000000004200105320190114001251010343400100000000042000000142000002121829    4                       1         
G0793003000026716    2019011120190115826000000004200105320190114000142010268200100000000042000000142000002131829    4                       1         
G0793003000026716    2019011120190115826000000004200105320181213001211010217900100000000042000000142000002141829    4                       1         
G0793003000026716    2019011120190115826300000004300105320190103001739000488700100000000043000000142000002151141    4                       1         
G0793003000026716    2019011120190115826300000004300105320190103001123000446000100000000043000000142000002161141    4                       1         
G0793003000026716    2019011120190115826300000004300105320181203001377000294200100000000043000000142000002171141    4                       1         
G0793003000026716    2019011120190115826300000004200105320190103001963000505100100000000042000000142000002181141    4                       1         
G0793003000026716    2019011120190115826300000004200105320181203001530000305300100000000042000000142000002191141    4                       1         
G0793003000026716    2019011120190115826700000004200105320190114001022010329800100000000042000000142000002201829    4                       1         
G0793003000026716    2019011120190115826700000004200105320190114000131010267500100000000042000000142000002211829    4                       1         
G0793003000026716    2019011120190115826300000004300105320181213000276010150400100000000043000000142000002221829    4                       1         
G0793003000026716    2019011120190115826300000004200105320190114001282010345300100000000042000000142000002231829    4                       1         
G0793003000026716    2019011120190115826300000004200105320190114000720010308600100000000042000000142000002241829    4                       1         
G0793003000026716    2019011120190115826300000004200105320190114000508010292900100000000042000000142000002251829    4                       1         
G0793003000026716    2019011120190115826300000004200105320181203001325000290100100000000042000000142000002261141    4                       1         
G0793003000026716    2019011120190115826300000004200105320181101001530000126300100000000042000000142000002271141    4                       1         
G0793003000026716    2019011120190115826200000005500105320181203001827000328300100000000055000000142000002281141    4                       1         
G0793003000026716    2019011120190115826100000007100105320190115000814022069900100000000071000000142000002293738    4                       1         
G0793003000026716    2019011120190115826100000011900105320190115000055022004900100000000119000000142000002303738    4                       1         
G0793003000026716    2019011120190115826200000004200105320190115000218022019800100000000042000000142000002313738    4                       1         
G0793003000026716    2019011120190115826600000018400105320190115000546022048900100000000184000000142000002323738    4                       1         
G0793003000026716    2019011120190115826000000004200105320190115000647022057600100000000042000000142000002333738    4                       1         
G0793003000026716    2019011120190115826600000004200105320190115000156022013600100000000042000000142000002343738    4                       1         
G0793003000026716    2019011120190115826600000004200105320190115000142022012500100000000042000000142000002353738    4                       1         
G0793003000026716    2019011120190115826000000004200105320190115000035022002900100000000042000000142000002363738    4                       1         
G0793003000026716    2019011120190115826700000006550105320190115000009022000800100000000065500000142000002373738    4                       1         
G0793003000026716    2019011120190115826700000004200105320190115000364022032800100000000042000000142000002383738    4                       1         
G0793003000026716    2019011120190115826200000004300105320190103001113000445200100000000043000000142000002391141    4                       1         
G0793003000026716    2019011120190115826100000004200105320190114001740010374400100000000042000000142000002401829    4                       1         
G0793003000026716    2019011120190115826300000004200105320190115000023022002000100000000042000000142000002413738    4                       1         
G0793003000026716    2019011120190115826100000004200105320190114001408010353300100000000042000000142000002421829    4                       1         
G0793003000026716    2019011120190115826600000003850105320181107000882000087700100000000038500000142000002434481    4                       1         
G0793003000026716    2019011120190115826000000001300105320190121000325014263300100000000013000000142000002443089    4                       1         
G0793003000026716    2019011120190115826600000004200105320190114000561010296300100000000042000000142000002451829    4                       1         
G0793003000026716    2019011120190115826100000004200105320190114000619010300800100000000042000000142000002461829    4                       1         
G0793003000026716    2019011120190115826100000004200105320190114000477010380500100000000042000000142000002471829    4                       1         
G0793003000026716    2019011120190115826100000004200105320190114000372010284200100000000042000000142000002481829    4                       1         
G0793003000026716    2019011120190115826100000004200105320181213001577010244600100000000042000000142000002491829    4                       1         
G0793003000026716    2019011120190115826000000010100105320190114001378010351600100000000101000000142000002501829    4                       1         
G0793003000026716    2019011120190115826500000012600105320190114000877010321200100000000126000000142000002511829    4                       1         
G0793003000026716    2019011120190115826500000007850105320190114000910010322900100000000078500000142000002521829    4                       1         
G0793003000026716    2019011120190115826500000004300105320190114000959010326000100000000043000000142000002531829    4                       1         
G0793003000026716    2019011120190115826400000005950105320190114001510010360400100000000059500000142000002541829    4                       1         
G0793003000026716    2019011120190115826400000004200105320190114001665010369600100000000042000000142000002551829    4                       1         
G0793003000026716    2019011120190115826400000003850105320181107000092000008900100000000038500000142000002564481    4                       1         
G0793003000026716    2019011120190115826000000004200105320190115000625022056000100000000042000000142000002573738    4                       1         
G0793003000026716    2019011120190115826900000004800105320190115000239022021700100000000048000000142000002583738    4                       1         
G0793003000026716    2019011120190115826200000004200105320190115000579022051900100000000042000000142000002593738    4                       1         
G0793003000026716    2019011120190115826100000004200105320190115000673022059800100000000042000000142000002603738    4                       1         
G0793003000026716    2019011120190115826700000004800105320181221000467014132600100000000048000000142000002613089    4                       1         
G0793003000026716    2019011120190115826700000004200105320190121000823014250300100000000042000000142000002623089    4                       1         
G0793003000026716    2019011120190115826700000004200105320190121000666014236700100000000042000000142000002633089    4                       1         
G0793003000026716    2019011120190115826700000004200105320190121000459014217900100000000042000000142000002643089    4                       1         
G0793003000026716    2019011120190115826700000004200105320190121000307014203900100000000042000000142000002653089    4                       1         
G0793003000026716    2019011120190115826300000004800105320190121000090014185000100000000048000000142000002663089    4                       1         
G0793003000026716    2019011120190115826300000004400105320181221000255014112500100000000044000000142000002673089    4                       1         
G0793003000026716    2019011120190115826300000004200105320190121000188014193900100000000042000000142000002683089    4                       1         
G0793003000026716    2019011120190115826000000005950105320190115000375022033900100000000059500000142000002693738    4                       1         
G0793003000026716    2019011120190115826300000004200105320190121000049014181100100000000042000000142000002703089    4                       1         
G0793003000026716    2019011120190115826300000004200105320181221000941014173900100000000042000000142000002713089    4                       1         
G0793003000026716    2019011120190115826300000004200105320181221000424014128500100000000042000000142000002723089    4                       1         
G0793003000026716    2019011120190115826300000004200105320181221000336014120300100000000042000000142000002733089    4                       1         
G0793003000026716    2019011120190115826300000001350105320181221000822014164400100000000013500000142000002743089    4                       1         
G0793003000026716    2019011120190115826500000003850105320181107000889000088400100000000038500000142000002754481    4                       1         
G0793003000026716    2019011120190115826900000003850105320181206000092095522500100000000038500000142000002764481    4                       1         
G0793003000026716    2019011120190115826700000003850105320181206000074095520800100000000038500000142000002774481    4                       1         
G0793003000026716    2019011120190115826800000003850105320181206000274095539600100000000038500000142000002784481    4                       1         
G0793003000026716    2019011120190115826300000003850105320181206000414095553000100000000038500000142000002794481    4                       1         
G0793003000026716    2019011120190115826500000004200105320190115000664022059200100000000042000000142000002803738    4                       1         
G0793003000026716    2019011120190115826400000004200105320190115000522022046600100000000042000000142000002813738    4                       1         
G0793003000026716    2019011120190115826200000011700105320190115000690018057700100000000117000000142000002821141    4                       1         
G0793003000026716    2019011120190115826400000004200105320190115000249022022600100000000042000000142000002833738    4                       1         
G0793003000026716    2019011120190115826500000004200105320190115000558022050100100000000042000000142000002843738    4                       1         
G0793003000026716    2019011120190115826500000004200105320190115000284022025700100000000042000000142000002853738    4                       1         
G0793003000026716    2019011120190115826500000004200105320190115000051022004500100000000042000000142000002863738    4                       1         
G0793003000026716    2019011120190115826900000005350105320190115000544022048700100000000053500000142000002873738    4                       1         
G0793003000026716    2019011120190115826400000004200105320190115000694022061700100000000042000000142000002883738    4                       1         
G0793003000026716    2019011120190115826600000004200105320190115000287022026000100000000042000000142000002893738    4                       1         
G0793003000026716    2019011120190115826700000004200105320190115000622018051900100000000042000000142000002901141    4                       1         
G0793003000026716    2019011120190115826400000004300105320181221000188014106500100000000043000000142000002913089    4                       1         
G0793003000026716    2019011120190115826400000004200105320190121000373014210100100000000042000000142000002923089    4                       1         
G0793003000026716    2019011120190115826400000004200105320190121000215014196100100000000042000000142000002933089    4                       1         
G0793003000026716    2019011120190115826400000004200105320181221000875014168700100000000042000000142000002943089    4                       1         
G0793003000026716    2019011120190115826300000013500105320181121000424014040700100000000135000000142000002953089    4                       1         
G0793003000026716    2019011120190115826500000004200105320190121000172014192300100000000042000000142000002963089    4                       1         
G0793003000026716    2019011120190115826500000004200105320181221000242014111400100000000042000000142000002973089    4                       1         
G0793003000026716    2019011120190115826300000005350105320181221000819014164200100000000053500000142000002983089    4                       1         
G0793003000026716    2019011120190115826200000004200105320190121000769014245700100000000042000000142000002993089    4                       1         
G0793003000026716    2019011120190115826200000004200105320190121000584014229400100000000042000000142000003003089    4                       1         
G0793003000026716    2019011120190115826200000004200105320190121000451014217100100000000042000000142000003013089    4                       1         
G0793003000026716    2019011120190115826200000004200105320190121000417014213900100000000042000000142000003023089    4                       1         
G0793003000026716    2019011120190115826200000001400105320190121000844014251900100000000014000000142000003033089    4                       1         
G0793003000026716    2019011120190115826900000004300105320190121000793014247700100000000043000000142000003043089    4                       1         
G0793003000026716    2019011120190115826900000004200105320190121000603014230700100000000042000000142000003053089    4                       1         
G0793003000026716    2019011120190115826900000004200105320190121000023014178500100000000042000000142000003063089    4                       1         
G0793003000026716    2019011120190115826100000008750105320181221000584014143700100000000087500000142000003073089    4                       1         
G0793003000026716    2019011120190115826900000004200105320181221000056014093500100000000042000000142000003083089    4                       1         
G0793003000026716    2019011120190115826900000004200105320181221000008014088800100000000042000000142000003093089    4                       1         
G0793003000026716    2019011120190115826900000004200105320181121000426014040900100000000042000000142000003103089    4                       1         
G0793003000026716    2019011120190115826800000015300105320181221000076014095500100000000153000000142000003113089    4                       1         
G0793003000026716    2019011120190115826900000010850105320181221000194014106900100000000108500000142000003123089    4                       1         
G0793003000026716    2019011120190115826100000006700105320181221000648014149400100000000067000000142000003133089    4                       1         
G0793003000026716    2019011120190115826000000001850105320181221000690014153400100000000018500000142000003143089    4                       1         
G0793003000026716    2019011120190115826000000004200105320190121000502014221800100000000042000000142000003153089    4                       1         
G0793003000026716    2019011120190115826100000004350105320190121000931014258500100000000043500000142000003163089    4                       1         
G0793003000026716    2019011120190115826700000001300105320181221000597014144600100000000013000000142000003173089    4                       1         
G0793003000026716    2019011120190115826600000008600105320181121000194014018800100000000086000000142000003183089    4                       1         
G0793003000026716    2019011120190115826600000005000105320190121000607014231100100000000050000000142000003193089    4                       1         
G0793003000026716    2019011120190115826600000004200105320190121000573014228400100000000042000000142000003203089    4                       1         
G0793003000026716    2019011120190115826600000004200105320190121000453014217300100000000042000000142000003213089    4                       1         
G0793003000026716    2019011120190115826600000004200105320190121000128014188300100000000042000000142000003223089    4                       1         
G0793003000026716    2019011120190115826600000004200105320190121000009014262900100000000042000000142000003233089    4                       1         
G0793003000026716    2019011120190115826600000004200105320181221000793014161900100000000042000000142000003243089    4                       1         
G0793003000026716    2019011120190115826600000004200105320181221000538014139400100000000042000000142000003253089    4                       1         
G0793003000026716    2019011120190115826600000004200105320181221000191014106700100000000042000000142000003263089    4                       1         
G0793003000026716    2019011120190115826600000004200105320181221000160014103700100000000042000000142000003273089    4                       1         
G0793003000026716    2019011120190115826200000004200105320190115000284018023400100000000042000000142000003281141    4                       1         
G0793003000026716    2019011120190115826500000004200105320190115000286018023600100000000042000000142000003291141    4                       1         
G0793003000026716    2019011120190115826500000004200105320190115000462018038100100000000042000000142000003301141    4                       1         
G0793003000026716    2019011120190115826500000004200105320190115000120018010400100000000042000000142000003311141    4                       1         
G0793003000026716    2019011120190115826100000006550105320190115000177018015000100000000065500000142000003321141    4                       1         
G0793003000026716    2019011120190115826900000004200105320190115000211018017800100000000042000000142000003331141    4                       1         
G0793003000026716    2019011120190115826800000004200105320190115000653018054800100000000042000000142000003341141    4                       1         
G0793003000026716    2019011120190115826600000004200105320190115000472018038900100000000042000000142000003351141    4                       1         
G0793003000026716    2019011120190115826600000010100105320190115000141018011900100000000101000000142000003361141    4                       1         
G0793003000026716    2019011120190115826600000004200105320190115000147018012200100000000042000000142000003371141    4                       1         
G0793003000026716    2019011120190115826700000010100105320190115000116018010000100000000101000000142000003381141    4                       1         
G0793003000026716    2019011120190115826400000004150105320190103000558002532800100000000041500000142000003391116    4                       1         
G0793003000026716    2019011120190115826500000004150105320190103000786002548100100000000041500000142000003401116    4                       1         
G0793003000026716    2019011120190115826200000004150105320190103000463002527000100000000041500000142000003411116    4                       1         
G0793003000026716    2019011120190115826600000005300105320190103000104002505600100000000053000000142000003421116    4                       1         
G0793003000026716    2019011120190115826600000004750105320190103000732002544200100000000047500000142000003431116    4                       1         
G0793003000026716    2019011120190115826800000004150105320190103000702002542300100000000041500000142000003441116    4                       1         
G0793003000026716    2019011120190115826000000004150105320190103000016002500700100000000041500000142000003451116    4                       1         
G0793003000026716    2019011120190115826000000001300105320181221000962014175900100000000013000000142000003463089    4                       1         
G0793003000026716    2019011120190115826100000004200105320190121000318014205000100000000042000000142000003473089    4                       1         
G0793003000026716    2019011120190115826000000007100105320181221000714014155600100000000071000000142000003483089    4                       1         
G0793003000026716    2019011120190115826000000006550105320190121000631014233400100000000065500000142000003493089    4                       1         
G0793003000026716    2019011120190115826000000004900105320181221000783014161000100000000049000000142000003503089    4                       1         
G0793003000026716    2019011120190115826000000004800105320181221000815014164000100000000048000000142000003513089    4                       1         
G0793003000026716    2019011120190115826000000004800105320181221000676014152100100000000048000000142000003523089    4                       1         
G0793003000026716    2019011120190115826100000004800105320181121000850014078500100000000048000000142000003533089    4                       1         
G0793003000026716    2019011120190115826000000004400105320190121000642014234500100000000044000000142000003543089    4                       1         
G0793003000026716    2019011120190115826000000004300105320181221000945014174300100000000043000000142000003553089    4                       1         
G0793003000026716    2019011120190115826600000002450105320181221000850014166700100000000024500000142000003563089    4                       1         
G0793003000026716    2019011120190115826600000001300105320190121000192014194200100000000013000000142000003573089    4                       1         
G0793003000026716    2019011120190115826400000007100105320190121000312014204400100000000071000000142000003583089    4                       1         
G0793003000026716    2019011120190115826400000005950105320190121000561014227200100000000059500000142000003593089    4                       1         
G0793003000026716    2019011120190115826400000004300105320181221000482014134000100000000043000000142000003603089    4                       1         
G0793003000026716    2019011120190115826600000004200105320181121000307014029500100000000042000000142000003613089    4                       1         
G0793003000026716    2019011120190115826800000004200105320190121000375014210300100000000042000000142000003623089    4                       1         
G0793003000026716    2019011120190115826800000004200105320190121000335014206500100000000042000000142000003633089    4                       1         
G0793003000026716    2019011120190115826800000004200105320181221000916014171800100000000042000000142000003643089    4                       1         
G0793003000026716    2019011120190115826800000004200105320181221000307014117500100000000042000000142000003653089    4                       1         
Z00036700000000001827150                                                                                                                              
