A2201053              HIDROFORTETOCANTINS 104CAIXA ECON. FEDERAL 2019011500153003                                                                     
G0793003000026716    2019011420190115826400000007500105300100000061127002542800000000000075000000142000000013738    3                       1         
G0793003000026716    2019011420190115826700000027200105320190114001258010343700100000000272000000142000000020108    3                       1         
G0793003000026716    2019011420190115826700000011900105320181203000821000250700100000000119000000142000000031141    3                       1         
G0793003000026716    2019011420190116826200000003850105300100000060996002531800000000000038500000142000000041626    4                       1         
G0793003000026716    2019011420190116826600000004100105300100000070869035615500000000000041000000142000000051829    4                       1         
G0793003000026716    2019011420190116826700000001300105300100000070613035672600000000000013000000142000000061829    4                       1         
G0793003000026716    2019011420190116826100000006700105300100000071275081512900000000000067000000142000000073939    4                       1         
G0793003000026716    2019011420190116826000000010000105300100000070460035706400000000000100000000142000000081829    4                       1         
G0793003000026716    2019011420190116826400000004200105300100000070099035559100000000000042000000142000000091829    4                       1         
G0793003000026716    2019011420190116826100000005550105300100000070686081457200000000000055500000142000000103939    4                       1         
G0793003000026716    2019011420190116826000000004950105300100000070437081433700000000000049500000142000000113939    4                       1         
G0793003000026716    2019011420190116826700000001350105300100000071020081488700000000000013500000142000000123939    4                       1         
G0793003000026716    2019011420190116826700000001300105300100000070988081485500000000000013000000142000000133939    4                       1         
G0793003000026716    2019011420190116826700000001250105300100000071195081505200000000000012500000142000000143939    4                       1         
G0793003000026716    2019011420190116826800000005450105300100000070377081427900000000000054500000142000000153939    4                       1         
G0793003000026716    2019011420190116826800000004100105300100000070665081455100000000000041000000142000000163939    4                       1         
G0793003000026716    2019011420190116826300000005400105300100000071106081496800000000000054000000142000000173939    4                       1         
G0793003000026716    2019011420190116826300000004350105300100000071727081555800000000000043500000142000000183939    4                       1         
G0793003000026716    2019011420190116826400000004100105300100000070741035606400000000000041000000142000000191829    4                       1         
G0793003000026716    2019011420190116826300000004100105300100000071508081535000000000000041000000142000000203939    4                       1         
G0793003000026716    2019011420190116826300000004100105300100000071170081329800000000000041000000142000000213939    4                       1         
G0793003000026716    2019011420190116826600000004200105300100000070693081457800000000000042000000142000000223939    4                       1         
G0793003000026716    2019011420190116826200000001250105300100000070765035684000000000000012500000142000000231829    4                       1         
G0793003000026716    2019011420190116826100000004300105300100000070928035695300000000000043000000142000000241829    4                       1         
G0793003000026716    2019011420190116826800000015500105300100000070197035642500000000000155000000142000000251829    4                       1         
G0793003000026716    2019011420190116826300000005950105300100000070266035648100000000000059500000142000000261829    4                       1         
G0793003000026716    2019011420190116826300000001300105300100000071930081575600000000000013000000142000000273939    4                       1         
G0793003000026716    2019011420190116826200000016850105300100000071483081410300000000000168500000142000000283939    4                       1         
G0793003000026716    2019011420190116826200000010500105300100000071569081540600000000000105000000142000000293939    4                       1         
G0793003000026716    2019011420190116826900000006500105300100000071442081529100000000000065000000142000000303939    4                       1         
G0793003000026716    2019011420190116826900000007900105300100000071616081545300000000000079000000142000000313939    4                       1         
G0793003000026716    2019011420190116826900000004150105300100000070351081425300000000000041500000142000000323939    4                       1         
G0793003000026716    2019011420190116826900000004100105300100000071658081549300000000000041000000142000000333939    4                       1         
G0793003000026716    2019011420190116826900000003450105300100000070357081425900000000000034500000142000000343939    4                       1         
G0793003000026716    2019011420190116826900000001300105300100000070545081443300000000000013000000142000000353939    4                       1         
G0793003000026716    2019011420190116826900000007200105300100000070702081458700000000000072000000142000000363939    4                       1         
G0793003000026716    2019011420190116826000000004100105300100000071531081537100000000000041000000142000000373939    4                       1         
G0793003000026716    2019011420190116826500000004200105300100000070253081416000000000000042000000142000000383939    4                       1         
G0793003000026716    2019011420190116826500000004100105300100000071631081546700000000000041000000142000000393939    4                       1         
G0793003000026716    2019011420190116826500000001250105300100000070267081417400000000000012500000142000000403939    4                       1         
G0793003000026716    2019011420190116826400000007750105300100000072003081581300000000000077500000142000000413939    4                       1         
G0793003000026716    2019011420190116826000000001300105300100000070853081473200000000000013000000142000000423939    4                       1         
G0793003000026716    2019011420190116826400000004800105300100000070390081429200000000000048000000142000000433939    4                       1         
G0793003000026716    2019011420190116826300000004300105300100000070410035580800000000000043000000142000000441829    4                       1         
G0793003000026716    2019011420190116826300000004250105300100000070213035565700000000000042500000142000000451829    4                       1         
G0793003000026716    2019011420190116826700000004100105300100000070958035697600000000000041000000142000000461829    4                       1         
G0793003000026716    2019011420190116826700000004250105300100000060472002486200000000000042500000142000000473738    4                       1         
G0793003000026716    2019011420190116826600000003950105300100000060735002404100000000000039500000142000000483738    4                       1         
G0793003000026716    2019011420190116826700000005850105300100000061231002551700000000000058500000142000000493738    4                       1         
G0793003000026716    2019011420190116826100000003850105300100000060725002507300000000000038500000142000000503738    4                       1         
G0793003000026716    2019011420190116826100000006850105300100000060446002483700000000000068500000142000000513738    4                       1         
G0793003000026716    2019011420190116826500000004100105300100000070410035658200000000000041000000142000000521829    4                       1         
G0793003000026716    2019011420190116826800000004100105300100000070609035672200000000000041000000142000000531829    4                       1         
G0793003000026716    2019011420190116826800000001150105300100000060379002373000000000000011500000142000000543738    4                       1         
G0793003000026716    2019011420190116826200000006450105300100000060256002467800000000000064500000142000000553738    4                       1         
G0793003000026716    2019011420190116826300000003750105300100000061052002536500000000000037500000142000000563738    4                       1         
G0793003000026716    2019011420190116826500000004250105300100000071030035702300000000000042500000142000000571829    4                       1         
G0793003000026716    2019011420190116826500000011400105300100000070761035630200000000000114000000142000000581829    4                       1         
G0793003000026716    2019011420190116826700000003850105300100000060690002504200000000000038500000142000000593738    4                       1         
G0793003000026716    2019011420190116826700000003800105300100000060190002462000000000000038000000142000000603738    4                       1         
G0793003000026716    2019011420190116826000000003850105300100000061201002549400000000000038500000142000000613738    4                       1         
G0793003000026716    2019011420190116826000000003850105300100000061108002437800000000000038500000142000000623738    4                       1         
G0793003000026716    2019011420190116826200000004950105300100000060701002505100000000000049500000142000000633738    4                       1         
G0793003000026716    2019011420190116826500000009600105300100000060438002482900000000000096000000142000000643738    4                       1         
G0793003000026716    2019011420190116826900000005600105300100000071009035701200000000000056000000142000000651829    4                       1         
G0793003000026716    2019011420190116826400000004350105300100000061152002545000000000000043500000142000000663738    4                       1         
G0793003000026716    2019011420190116826200000004350105300100000060788002513200000000000043500000142000000673738    4                       1         
G0793003000026716    2019011420190116826000000003400105300100000070804035610900000000000034000000142000000681829    4                       1         
G0793003000026716    2019011420190116826200000003800105300100000060793002513700000000000038000000142000000693738    4                       1         
G0793003000026716    2019011420190116826200000003800105300100000060651002500500000000000038000000142000000703738    4                       1         
G0793003000026716    2019011420190116826900000007100105300100000070949035696800000000000071000000142000000711829    4                       1         
G0793003000026716    2019011420190116826500000004100105300100000070365035655100000000000041000000142000000721829    4                       1         
G0793003000026716    2019011420190116826800000003800105300100000060233002465700000000000038000000142000000733738    4                       1         
G0793003000026716    2019011420190116826800000003800105300100000060075002459200000000000038000000142000000743738    4                       1         
G0793003000026716    2019011420190116826800000003850105300100000061153002545100000000000038500000142000000753738    4                       1         
G0793003000026716    2019011420190116826800000003850105300100000061108002541100000000000038500000142000000763738    4                       1         
G0793003000026716    2019011420190116826600000003850105300100000060798002514200000000000038500000142000000773738    4                       1         
G0793003000026716    2019011420190116826800000007200105300100000060346002475200000000000072000000142000000783738    4                       1         
G0793003000026716    2019011420190116826000000004100105300100000061102002540600000000000041000000142000000793738    4                       1         
G0793003000026716    2019011420190116826600000003750105300100000060978002426200000000000037500000142000000803738    4                       1         
G0793003000026716    2019011420190116826100000003850105300100000061154002442100000000000038500000142000000813738    4                       1         
G0793003000026716    2019011420190116826300000003750105300100000060400002374800000000000037500000142000000823738    4                       1         
G0793003000026716    2019011420190116826500000003750105300100000060690002400100000000000037500000142000000833738    4                       1         
G0793003000026716    2019011420190116826000000003800105300100000060897002523000000000000038000000142000000843738    4                       1         
G0793003000026716    2019011420190116826000000003750105300100000060659002501200000000000037500000142000000853738    4                       1         
G0793003000026716    2019011420190116826900000003950105300100000060735002508200000000000039500000142000000863738    4                       1         
G0793003000026716    2019011420190116826500000003850105300100000061154002545200000000000038500000142000000873738    4                       1         
G0793003000026716    2019011420190116826200000007650105300100000070213035643500000000000076500000142000000881829    4                       1         
G0793003000026716    2019011420190116826700000007100105300100000071031035627000000000000071000000142000000891829    4                       1         
G0793003000026716    2019011420190116826700000002350105300100000070105020261200000000000023500000142000000901829    4                       1         
G0793003000026716    2019011420190116826600000001250105300100000070344020250100000000000012500000142000000911829    4                       1         
G0793003000026716    2019011420190116826700000006550105300100000070126020235500000000000065500000142000000921829    4                       1         
G0793003000026716    2019011420190116826800000004150105300100000070297020246900000000000041500000142000000931829    4                       1         
G0793003000026716    2019011420190116826700000004050105300100000070367020278800000000000040500000142000000941829    4                       1         
G0793003000026716    2019011420190116826700000004050105300100000070269020271600000000000040500000142000000951829    4                       1         
G0793003000026716    2019011420190116826300000004150105300100000070392020253400000000000041500000142000000961829    4                       1         
G0793003000026716    2019011420190116826700000004050105300100000070150020264200000000000040500000142000000971829    4                       1         
G0793003000026716    2019011420190116826900000015950105300100000070103020261000000000000159500000142000000981829    4                       1         
G0793003000026716    2019011420190116826700000004750105300100000070056020258000000000000047500000142000000991829    4                       1         
G0793003000026716    2019011420190116826000000001300105300100000070358020251000000000000013000000142000001001829    4                       1         
G0793003000026716    2019011420190116826500000004050105300100000070124020262500000000000040500000142000001011829    4                       1         
G0793003000026716    2019011420190116826900000001250105300100000070344020277400000000000012500000142000001021829    4                       1         
G0793003000026716    2019011420190116826500000004050105300100000070155020264500000000000040500000142000001031829    4                       1         
G0793003000026716    2019011420190116826500000007550105300100000070317020248700000000000075500000142000001041829    4                       1         
G0793003000026716    2019011420190116826800000001800105300100000070039020256900000000000018000000142000001051829    4                       1         
G0793003000026716    2019011420190116826200000017650105300100000070011020228900000000000176500000142000001061829    4                       1         
G0793003000026716    2019011420190116826400000001250105300100000070090020260400000000000012500000142000001071829    4                       1         
G0793003000026716    2019011420190116826800000004250105300100000070164020237900000000000042500000142000001081829    4                       1         
G0793003000026716    2019011420190116826900000004300105300100000070275020272000000000000043000000142000001091829    4                       1         
G0793003000026716    2019011420190116826700000001250105300100000070072020259000000000000012500000142000001101829    4                       1         
G0793003000026716    2019011420190116826100000004050105300100000070018020256100000000000040500000142000001111829    4                       1         
G0793003000026716    2019011420190116826400000004050105300100000070046020257200000000000040500000142000001121829    4                       1         
G0793003000026716    2019011420190116826700000005800105300100000071001035700600000000000058000000142000001131829    4                       1         
G0793003000026716    2019011420190116826500000003100105300100000004760006752800000000000031000000142000001143863    4                       1         
G0793003000026716    2019011420190116826200000003700105300100000005539006760500000000000037000000142000001153863    4                       1         
G0793003000026716    2019011420190116826500000004850105300100000003470006741200000000000048500000142000001163863    4                       1         
G0793003000026716    2019011420190116826100000004150105300100000005735006770700000000000041500000142000001173863    4                       1         
G0793003000026716    2019011420190116826000000009800105300100000071207081506200000000000098000000142000001183939    4                       1         
G0793003000026716    2019011420190116826200000004100105300100000070628081451400000000000041000000142000001193939    4                       1         
G0793003000026716    2019011420190116826700000004200105300100000071469081358300000000000042000000142000001203939    4                       1         
G0793003000026716    2019011420190116826400000008350105300100000061285002556800000000000083500000142000001213738    4                       1         
G0793003000026716    2019011420190116826200000004050105300100000070080020232600000000000040500000142000001221829    4                       1         
G0793003000026716    2019011420190116826700000004250105300100000071512081535400000000000042500000142000001233939    4                       1         
G0793003000026716    2019011420190116826200000004200105300100000071469081531500000000000042000000142000001243939    4                       1         
G0793003000026716    2019011420190116826600000004100105300100000071122081498400000000000041000000142000001253939    4                       1         
G0793003000026716    2019011420190116826600000001500105300100000070007081410800000000000015000000142000001263939    4                       1         
G0793003000026716    2019011420190116826000000003200105300100000004980006754600000000000032000000142000001270793    4                       1         
G0793003000026716    2019011420190116826500000006350105300100000071562081539900000000000063500000142000001283939    4                       1         
G0793003000026716    2019011420190116826500000006250105300100000070433081433300000000000062500000142000001293939    4                       1         
G0793003000026716    2019011420190116826400000004100105300100000070889081476500000000000041000000142000001303939    4                       1         
G0793003000026716    2019011420190116826400000001300105300100000071234081508800000000000013000000142000001313939    4                       1         
G0793003000026716    2019011420190116826400000001300105300100000071083081321200000000000013000000142000001323939    4                       1         
G0793003000026716    2019011420190116826400000001250105300100000071297081515100000000000012500000142000001333939    4                       1         
G0793003000026716    2019011420190116826100000001250105300100000060284002470100000000000012500000142000001343738    4                       1         
G0793003000026716    2019011420190116826200000004150105300100000071170081157200000000000041500000142000001353939    4                       1         
G0793003000026716    2019011420190116826100000004200105300100000071105081496700000000000042000000142000001363939    4                       1         
G0793003000026716    2019011420190116826200000004150105300100000071169081502900000000000041500000142000001373939    4                       1         
G0793003000026716    2019011420190116826100000004200105300100000070583081446900000000000042000000142000001383939    4                       1         
G0793003000026716    2019011420190116826600000004200105300100000070260020243800000000000042000000142000001391141    4                       1         
G0793003000026716    2019011420190116826100000001300105300100000071760081559000000000000013000000142000001403939    4                       1         
G0793003000026716    2019011420190116826400000004300105300100000071304081515800000000000043000000142000001413939    4                       1         
G0793003000026716    2019011420190116826800000003100105300100000005581006763700000000000031000000142000001420793    4                       1         
G0793003000026716    2019011420190116826000000003200105300100000005250006757000000000000032000000142000001430793    4                       1         
G0793003000026716    2019011420190116826600000001300105300100000070260081416700000000000013000000142000001443939    4                       1         
G0793003000026716    2019011420190116826500000006450105300100000070598081448400000000000064500000142000001453939    4                       1         
G0793003000026716    2019011420190116826400000001250105300100000071083081148700000000000012500000142000001463939    4                       1         
G0793003000026716    2019011420190116826300000015200105300100000071483081532800000000000152000000142000001473939    4                       1         
G0793003000026716    2019011420190116826200000001300105300100000070358081426000000000000013000000142000001483939    4                       1         
G0793003000026716    2019011420190116826000000004650105300100000061294002557700000000000046500000142000001493738    4                       1         
G0793003000026716    2019011420190116826400000003300105300100000005648006768600000000000033000000142000001503863    4                       1         
G0793003000026716    2019011420190116826400000003100105300100000005536006760400000000000031000000142000001513863    4                       1         
G0793003000026716    2019011420190116826300000007950105300100000003700006743400000000000079500000142000001523863    4                       1         
G0793003000026716    2019011420190116826000000004950105300100000002960006736200000000000049500000142000001533863    4                       1         
G0793003000026716    2019011420190116826000000004700105300100000001541006723100000000000047000000142000001543863    4                       1         
G0793003000026716    2019011420190116826800000004850105300100000000430006712500000000000048500000142000001553863    4                       1         
G0793003000026716    2019011420190116826800000004000105300100000005588006692600000000000040000000142000001563863    4                       1         
G0793003000026716    2019011420190116826800000003550105300100000005588006764100000000000035500000142000001573863    4                       1         
G0793003000026716    2019011420190116826300000004800105300100000002040006727400000000000048000000142000001583863    4                       1         
G0793003000026716    2019011420190116826300000004700105300100000002040006655700000000000047000000142000001593863    4                       1         
G0793003000026716    2019011420190116826700000010600105300100000070807081468900000000000106000000142000001603939    4                       1         
G0793003000026716    2019011420190116826600000001300105300100000071866081569300000000000013000000142000001613939    4                       1         
G0793003000026716    2019011420190116826600000001300105300100000070263081243500000000000013000000142000001623939    4                       1         
G0793003000026716    2019011420190116826700000004300105300100000070453081435100000000000043000000142000001633939    4                       1         
G0793003000026716    2019011420190116826300000004700105300100000000710006715300000000000047000000142000001643863    4                       1         
G0793003000026716    2019011420190116826300000003250105300100000001030006718000000000000032500000142000001653863    4                       1         
G0793003000026716    2019011420190116826900000005700105300100000002076006727800000000000057000000142000001663863    4                       1         
G0793003000026716    2019011420190116826900000003500105300100000005660006769400000000000035000000142000001673863    4                       1         
G0793003000026716    2019011420190116826000000003450105300100000001030006646400000000000034500000142000001683863    4                       1         
G0793003000026716    2019011420190116826000000003200105300100000005562006690600000000000032000000142000001693863    4                       1         
G0793003000026716    2019011420190116826500000003100105300100000003940006745100000000000031000000142000001703863    4                       1         
G0793003000026716    2019011420190116826400000007500105300100000005725006699100000000000075000000142000001713863    4                       1         
G0793003000026716    2019011420190116826400000005700105300100000006000006778100000000000057000000142000001723863    4                       1         
G0793003000026716    2019011420190116826400000004800105320190115000449018036800100000000048000000142000001731141    4                       1         
G0793003000026716    2019011420190116826800000005950105320190115000464018038300100000000059500000142000001741141    4                       1         
G0793003000026716    2019011420190116826500000003850105320181206000762095586800100000000038500000142000001754481    4                       1         
G0793003000026716    2019011420190116826300000004200105320190115000620022055600100000000042000000142000001763738    4                       1         
G0793003000026716    2019011420190116826400000004200105320181221000164014104100100000000042000000142000001773089    4                       1         
G0793003000026716    2019011420190116826500000004200105320190114000681010305500100000000042000000142000001781829    4                       1         
G0793003000026716    2019011420190116826500000004300105320190103001289000457200100000000043000000142000001791141    4                       1         
G0793003000026716    2019011420190116826600000004200105320181221000654014150000100000000042000000142000001803089    4                       1         
G0793003000026716    2019011420190116826500000004200105320190114000419010287100100000000042000000142000001811829    4                       1         
G0793003000026716    2019011420190116826500000004200105320190114000087010264000100000000042000000142000001821829    4                       1         
G0793003000026716    2019011420190116826500000003850105320181206000491095560700100000000038500000142000001834481    4                       1         
G0793003000026716    2019011420190116826600000003850105320181206000942095604800100000000038500000142000001844481    4                       1         
G0793003000026716    2019011420190116826200000008600105320190103000782000420600100000000086000000142000001851141    4                       1         
G0793003000026716    2019011420190116826800000003850105320181206000108095524100100000000038500000142000001864481    4                       1         
G0793003000026716    2019011420190116826700000010850105320190115000650018054500100000000108500000142000001871141    4                       1         
G0793003000026716    2019011420190116826700000008600105320181203000245000202500100000000086000000142000001881141    4                       1         
G0793003000026716    2019011420190116826700000007250105320190103000773000419800100000000072500000142000001891141    4                       1         
G0793003000026716    2019011420190116826800000003850105320181107001115000111000100000000038500000142000001904481    4                       1         
G0793003000026716    2019011420190116826700000007100105320181203001637000313400100000000071000000142000001911141    4                       1         
G0793003000026716    2019011420190116826700000004500105320190103001783000491900100000000045000000142000001921141    4                       1         
G0793003000026716    2019011420190116826700000004300105320190103001979000506400100000000043000000142000001931141    4                       1         
G0793003000026716    2019011420190116826000000003850105320181206001115095622000100000000038500000142000001944481    4                       1         
G0793003000026716    2019011420190116826700000004300105320190103001227000453500100000000043000000142000001951141    4                       1         
G0793003000026716    2019011420190116826200000004200105320190115000400022036200100000000042000000142000001963738    4                       1         
G0793003000026716    2019011420190116826200000004200105320190115000369022033300100000000042000000142000001973738    4                       1         
G0793003000026716    2019011420190116826200000004200105320190115000315022028400100000000042000000142000001983738    4                       1         
G0793003000026716    2019011420190116826200000004200105320190115000104022009300100000000042000000142000001993738    4                       1         
G0793003000026716    2019011420190116826500000004200105320190115000818022070200100000000042000000142000002003738    4                       1         
G0793003000026716    2019011420190116826700000004200105320190115000412022037200100000000042000000142000002013738    4                       1         
G0793003000026716    2019011420190116826700000004200105320190115000693022061600100000000042000000142000002023738    4                       1         
G0793003000026716    2019011420190116826400000004200105320190115000661022058900100000000042000000142000002033738    4                       1         
G0793003000026716    2019011420190116826400000004200105320190115000649022057800100000000042000000142000002043738    4                       1         
G0793003000026716    2019011420190116826600000004200105320190115000278022025100100000000042000000142000002053738    4                       1         
G0793003000026716    2019011420190116826700000004300105320190103001224000453200100000000043000000142000002061141    4                       1         
G0793003000026716    2019011420190116826700000004300105320181203001185000279500100000000043000000142000002071141    4                       1         
G0793003000026716    2019011420190116826000000011350105320190103001030000438900100000000113500000142000002081141    4                       1         
G0793003000026716    2019011420190116826700000004250105320181203001208000281000100000000042500000142000002091141    4                       1         
G0793003000026716    2019011420190116826100000004200105320190115000589022052800100000000042000000142000002103738    4                       1         
G0793003000026716    2019011420190116826400000008150105320190103001585000477200100000000081500000142000002111141    4                       1         
G0793003000026716    2019011420190116826400000007250105320190103001452000468300100000000072500000142000002121141    4                       1         
G0793003000026716    2019011420190116826400000006550105320190114001361010350100100000000065500000142000002131829    4                       1         
G0793003000026716    2019011420190116826700000004200105320190114001026010330000100000000042000000142000002141829    4                       1         
G0793003000026716    2019011420190116826700000006550105320190114001720010373400100000000065500000142000002151829    4                       1         
G0793003000026716    2019011420190116826700000004300105320190114001467010357600100000000043000000142000002161829    4                       1         
G0793003000026716    2019011420190116826200000004300105320181213000796010189700100000000043000000142000002171829    4                       1         
G0793003000026716    2019011420190116826200000004200105320190114001369010350700100000000042000000142000002181829    4                       1         
G0793003000026716    2019011420190116826200000004200105320190114001286010345600100000000042000000142000002191829    4                       1         
G0793003000026716    2019011420190116826200000004200105320190114001229010341800100000000042000000142000002201829    4                       1         
G0793003000026716    2019011420190116826200000004200105320190114001158010337400100000000042000000142000002211829    4                       1         
G0793003000026716    2019011420190116826200000004200105320190114000718010308400100000000042000000142000002221829    4                       1         
G0793003000026716    2019011420190116826200000004200105320190114000232010274700100000000042000000142000002231829    4                       1         
G0793003000026716    2019011420190116826700000004200105320190114000775010313300100000000042000000142000002241829    4                       1         
G0793003000026716    2019011420190116826700000004200105320190114000510010293000100000000042000000142000002251829    4                       1         
G0793003000026716    2019011420190116826100000004200105320190114001743010374700100000000042000000142000002261829    4                       1         
G0793003000026716    2019011420190116826100000004200105320190114001592010365400100000000042000000142000002271829    4                       1         
G0793003000026716    2019011420190116826100000004200105320190114001193010339200100000000042000000142000002281829    4                       1         
G0793003000026716    2019011420190116826100000004200105320190114000724010309000100000000042000000142000002291829    4                       1         
G0793003000026716    2019011420190116826100000004200105320190114000482010291100100000000042000000142000002301829    4                       1         
G0793003000026716    2019011420190116826500000027750105320190114000838010318600100000000277500000142000002311829    4                       1         
G0793003000026716    2019011420190116826500000009350105320190114001324010347900100000000093500000142000002321829    4                       1         
G0793003000026716    2019011420190116826500000007100105320190114000066010262500100000000071000000142000002331829    4                       1         
G0793003000026716    2019011420190116826500000005350105320190114000937010324700100000000053500000142000002341829    4                       1         
G0793003000026716    2019011420190116826500000005350105320190114000470010290400100000000053500000142000002351829    4                       1         
G0793003000026716    2019011420190116826500000004800105320190114000512010293200100000000048000000142000002361829    4                       1         
G0793003000026716    2019011420190116826500000004350105320190114000532010294600100000000043500000142000002371829    4                       1         
G0793003000026716    2019011420190116826500000004300105320190114000524010294200100000000043000000142000002381829    4                       1         
G0793003000026716    2019011420190116826000000010850105320190114000551010295700100000000108500000142000002391829    4                       1         
G0793003000026716    2019011420190116826400000004300105320190114000826010317600100000000043000000142000002401829    4                       1         
G0793003000026716    2019011420190116826400000004200105320190114001742010374600100000000042000000142000002411829    4                       1         
G0793003000026716    2019011420190116826400000004200105320190114001012010329100100000000042000000142000002421829    4                       1         
G0793003000026716    2019011420190116826400000004200105320190114000833010318200100000000042000000142000002431829    4                       1         
G0793003000026716    2019011420190116826400000004200105320190114000796010315100100000000042000000142000002441829    4                       1         
G0793003000026716    2019011420190116826400000004200105320190114000436010288500100000000042000000142000002451829    4                       1         
G0793003000026716    2019011420190116826400000004200105320181213001668010251000100000000042000000142000002461829    4                       1         
G0793003000026716    2019011420190116826300000016300105320190114000267010277100100000000163000000142000002471829    4                       1         
G0793003000026716    2019011420190116826100000008600105320190114001414010353700100000000086000000142000002481829    4                       1         
G0793003000026716    2019011420190116826100000005950105320190114001531010361700100000000059500000142000002491829    4                       1         
G0793003000026716    2019011420190116826100000005950105320190114000644010302600100000000059500000142000002501829    4                       1         
G0793003000026716    2019011420190116826000000005350105320181213001087010209700100000000053500000142000002511829    4                       1         
G0793003000026716    2019011420190116826000000004350105320190114001494010359200100000000043500000142000002521829    4                       1         
G0793003000026716    2019011420190116826100000008600105320190115000046022004000100000000086000000142000002533738    4                       1         
G0793003000026716    2019011420190116826100000004300105320190103000324000383300100000000043000000142000002541141    4                       1         
G0793003000026716    2019011420190116826600000008150105320190103002024000509500100000000081500000142000002551141    4                       1         
G0793003000026716    2019011420190116826600000005350105320190103000832000424600100000000053500000142000002561141    4                       1         
G0793003000026716    2019011420190116826600000004300105320190103000284000380100100000000043000000142000002571141    4                       1         
G0793003000026716    2019011420190116826800000007100105320181203001353000292200100000000071000000142000002581141    4                       1         
G0793003000026716    2019011420190116826800000006550105320181203002049000345300100000000065500000142000002591141    4                       1         
G0793003000026716    2019011420190116826800000006050105320181203000137000194000100000000060500000142000002601141    4                       1         
G0793003000026716    2019011420190116826800000005950105320181203000613000233900100000000059500000142000002611141    4                       1         
G0793003000026716    2019011420190116826800000004300105320190103002114000515000100000000043000000142000002621141    4                       1         
G0793003000026716    2019011420190116826800000004300105320190103000608000407400100000000043000000142000002631141    4                       1         
G0793003000026716    2019011420190116826600000004300105320190103000273000379400100000000043000000142000002641141    4                       1         
G0793003000026716    2019011420190116826600000004300105320190103000201000374000100000000043000000142000002651141    4                       1         
G0793003000026716    2019011420190116826800000004300105320190103000188000372800100000000043000000142000002661141    4                       1         
G0793003000026716    2019011420190116826800000004200105320190103001794000492800100000000042000000142000002671141    4                       1         
G0793003000026716    2019011420190116826800000004200105320181203002168000354400100000000042000000142000002681141    4                       1         
G0793003000026716    2019011420190116826400000004200105320190115000519022046400100000000042000000142000002693738    4                       1         
G0793003000026716    2019011420190116826400000004200105320190115000392022035600100000000042000000142000002703738    4                       1         
G0793003000026716    2019011420190116826400000004200105320190115000242022022000100000000042000000142000002713738    4                       1         
G0793003000026716    2019011420190116826100000017350105320190115000017022001500100000000173500000142000002723738    4                       1         
G0793003000026716    2019011420190116826100000005950105320190115000113022010100100000000059500000142000002733738    4                       1         
G0793003000026716    2019011420190116826000000004200105320190115000788022068900100000000042000000142000002743738    4                       1         
G0793003000026716    2019011420190116826100000004200105320190115000512022045900100000000042000000142000002753738    4                       1         
G0793003000026716    2019011420190116826100000004200105320190115000393022035700100000000042000000142000002763738    4                       1         
G0793003000026716    2019011420190116826100000004200105320190115000194022017400100000000042000000142000002773738    4                       1         
G0793003000026716    2019011420190116826800000004200105320181203001482000301600100000000042000000142000002781141    4                       1         
G0793003000026716    2019011420190116826100000004200105320190115000101022009000100000000042000000142000002793738    4                       1         
G0793003000026716    2019011420190116826800000004200105320190115000198022017800100000000042000000142000002803738    4                       1         
G0793003000026716    2019011420190116826600000004200105320190115000809022069800100000000042000000142000002813738    4                       1         
G0793003000026716    2019011420190116826600000004200105320190115000409022037000100000000042000000142000002823738    4                       1         
G0793003000026716    2019011420190116826200000013500105320190115000585022052400100000000135000000142000002833738    4                       1         
G0793003000026716    2019011420190116826200000007850105320190115000300022027100100000000078500000142000002843738    4                       1         
G0793003000026716    2019011420190116826900000004200105320190115000273022024700100000000042000000142000002853738    4                       1         
G0793003000026716    2019011420190116826900000004200105320190115000021022001800100000000042000000142000002863738    4                       1         
G0793003000026716    2019011420190116826500000004200105320190115000094022008300100000000042000000142000002873738    4                       1         
G0793003000026716    2019011420190116826800000010850105320190115000755022066100100000000108500000142000002883738    4                       1         
G0793003000026716    2019011420190116826500000004200105320190115000765022067100100000000042000000142000002893738    4                       1         
G0793003000026716    2019011420190116826500000004200105320190115000571022051200100000000042000000142000002903738    4                       1         
G0793003000026716    2019011420190116826500000004200105320190115000499022044600100000000042000000142000002913738    4                       1         
G0793003000026716    2019011420190116826500000004200105320190115000451022040600100000000042000000142000002923738    4                       1         
G0793003000026716    2019011420190116826400000005350105320190115000062022005600100000000053500000142000002933738    4                       1         
G0793003000026716    2019011420190116826700000014750105320181203000543000227800100000000147500000142000002941141    4                       1         
G0793003000026716    2019011420190116826300000005950105320181203000963000262200100000000059500000142000002951141    4                       1         
G0793003000026716    2019011420190116826300000005300105320190103001765000490700100000000053000000142000002961141    4                       1         
G0793003000026716    2019011420190116826300000004400105320190103001633000481400100000000044000000142000002971141    4                       1         
G0793003000026716    2019011420190116826000000004350105320190114000710010307800100000000043500000142000002981829    4                       1         
G0793003000026716    2019011420190116826600000027400105320190114000667010304400100000000274000000142000002991829    4                       1         
G0793003000026716    2019011420190116826600000011700105320190114000265010276900100000000117000000142000003001829    4                       1         
G0793003000026716    2019011420190116826600000011100105320190114001337010348500100000000111000000142000003011829    4                       1         
G0793003000026716    2019011420190116826600000009350105320190114000638010302200100000000093500000142000003021829    4                       1         
G0793003000026716    2019011420190116826600000004200105320190103001809000494000100000000042000000142000003031141    4                       1         
G0793003000026716    2019011420190116826300000004200105320190103001742000489000100000000042000000142000003041141    4                       1         
G0793003000026716    2019011420190116826300000004200105320190103000680000412400100000000042000000142000003051141    4                       1         
G0793003000026716    2019011420190116826300000004200105320181203001664000315100100000000042000000142000003061141    4                       1         
G0793003000026716    2019011420190116826600000004200105320181203000842000252500100000000042000000142000003071141    4                       1         
G0793003000026716    2019011420190116826900000005950105320181203001687000316800100000000059500000142000003081141    4                       1         
G0793003000026716    2019011420190116826900000005550105320190103001820000494700100000000055500000142000003091141    4                       1         
G0793003000026716    2019011420190116826900000005500105320190103000343000384900100000000055000000142000003101141    4                       1         
G0793003000026716    2019011420190116826900000004300105320190103001260000455700100000000043000000142000003111141    4                       1         
G0793003000026716    2019011420190116826900000010850105320181203000029000185700100000000108500000142000003121141    4                       1         
G0793003000026716    2019011420190116826900000008650105320190103000179000372200100000000086500000142000003131141    4                       1         
G0793003000026716    2019011420190116826600000005350105320190114000661010304000100000000053500000142000003141829    4                       1         
G0793003000026716    2019011420190116826800000005350105320190114001577010364300100000000053500000142000003151829    4                       1         
G0793003000026716    2019011420190116826800000004200105320190114001409010353400100000000042000000142000003161829    4                       1         
G0793003000026716    2019011420190116826800000004200105320190114001373010351100100000000042000000142000003171829    4                       1         
G0793003000026716    2019011420190116826800000004200105320190114000197010272200100000000042000000142000003181829    4                       1         
G0793003000026716    2019011420190116826800000004200105320181213000995010204000100000000042000000142000003191829    4                       1         
G0793003000026716    2019011420190116826800000004200105320181213000177010143200100000000042000000142000003201829    4                       1         
G0793003000026716    2019011420190116826600000004200105320190114001602010366000100000000042000000142000003211829    4                       1         
G0793003000026716    2019011420190116826600000004200105320190114001360010350000100000000042000000142000003221829    4                       1         
G0793003000026716    2019011420190116826600000004200105320190114001131010335400100000000042000000142000003231829    4                       1         
G0793003000026716    2019011420190116826600000004200105320190114000308010280100100000000042000000142000003241829    4                       1         
G0793003000026716    2019011420190116826300000004200105320190114001179010338500100000000042000000142000003251829    4                       1         
G0793003000026716    2019011420190116826300000004200105320190114001170010338000100000000042000000142000003261829    4                       1         
G0793003000026716    2019011420190116826300000004200105320190114000601010299400100000000042000000142000003271829    4                       1         
G0793003000026716    2019011420190116826300000004200105320190114000335010282000100000000042000000142000003281829    4                       1         
G0793003000026716    2019011420190116826300000004200105320181213001635010248800100000000042000000142000003291829    4                       1         
G0793003000026716    2019011420190116826600000004200105320181213000841010193500100000000042000000142000003301829    4                       1         
G0793003000026716    2019011420190116826200000007850105320190114000976010326900100000000078500000142000003311829    4                       1         
G0793003000026716    2019011420190116826900000006150105320190114001087010332800100000000061500000142000003321829    4                       1         
G0793003000026716    2019011420190116826900000010850105320181213000913010198300100000000108500000142000003331829    4                       1         
G0793003000026716    2019011420190116826900000004200105320190114001732010374000100000000042000000142000003341829    4                       1         
G0793003000026716    2019011420190116826900000004200105320190114001627010367800100000000042000000142000003351829    4                       1         
G0793003000026716    2019011420190116826900000004200105320190114001394010352700100000000042000000142000003361829    4                       1         
G0793003000026716    2019011420190116826900000004200105320190114000434010288400100000000042000000142000003371829    4                       1         
G0793003000026716    2019011420190116826900000004200105320190114000337010282100100000000042000000142000003381829    4                       1         
G0793003000026716    2019011420190116826900000008450105320190114000437010288600100000000084500000142000003391829    4                       1         
G0793003000026716    2019011420190116826900000004200105320181213000957010201400100000000042000000142000003401829    4                       1         
G0793003000026716    2019011420190116826800000010850105320181213001515010240700100000000108500000142000003411829    4                       1         
G0793003000026716    2019011420190116826000000004200105320190114001559010363100100000000042000000142000003421829    4                       1         
G0793003000026716    2019011420190116826000000004200105320190114001453010356400100000000042000000142000003431829    4                       1         
G0793003000026716    2019011420190116826000000004200105320190114000957010325900100000000042000000142000003441829    4                       1         
G0793003000026716    2019011420190116826000000004200105320190114000879010321400100000000042000000142000003451829    4                       1         
G0793003000026716    2019011420190116826000000004200105320190114000721010308700100000000042000000142000003461829    4                       1         
G0793003000026716    2019011420190116826000000004200105320190114000454010289500100000000042000000142000003471829    4                       1         
G0793003000026716    2019011420190116826000000004200105320181213000242010147900100000000042000000142000003481829    4                       1         
G0793003000026716    2019011420190116826000000004200105320180114001721010377000100000000042000000142000003491829    4                       1         
G0793003000026716    2019011420190116826900000006550105320190114001116010334300100000000065500000142000003501829    4                       1         
G0793003000026716    2019011420190116826900000004200105320190103001943000503600100000000042000000142000003511141    4                       1         
G0793003000026716    2019011420190116826200000010100105320181221000233014110500100000000101000000142000003523089    4                       1         
G0793003000026716    2019011420190116826900000005950105320190121000914014257300100000000059500000142000003533089    4                       1         
G0793003000026716    2019011420190116826200000004200105320190115000830022071000100000000042000000142000003543738    4                       1         
G0793003000026716    2019011420190116826200000004200105320190115000676022060000100000000042000000142000003553738    4                       1         
G0793003000026716    2019011420190116826400000005950105320190115000097022008600100000000059500000142000003563738    4                       1         
G0793003000026716    2019011420190116826200000004200105320190115000601022053900100000000042000000142000003573738    4                       1         
G0793003000026716    2019011420190116826900000005400105320181221000616014146300100000000054000000142000003583089    4                       1         
G0793003000026716    2019011420190116826900000005000105320190121000773014246000100000000050000000142000003593089    4                       1         
G0793003000026716    2019011420190116826900000009350105320181221000594014144300100000000093500000142000003603089    4                       1         
G0793003000026716    2019011420190116826900000004200105320181221000462014132100100000000042000000142000003613089    4                       1         
G0793003000026716    2019011420190116826000000004200105320181221000416014127700100000000042000000142000003623089    4                       1         
G0793003000026716    2019011420190116826500000004200105320181221000695014153900100000000042000000142000003633089    4                       1         
G0793003000026716    2019011420190116826500000001300105320190121000464014218400100000000013000000142000003643089    4                       1         
G0793003000026716    2019011420190116826400000012600105320181121000233014022400100000000126000000142000003653089    4                       1         
G0793003000026716    2019011420190116826400000009350105320190121000018014178000100000000093500000142000003663089    4                       1         
G0793003000026716    2019011420190116826400000005350105320181221000238014111000100000000053500000142000003673089    4                       1         
G0793003000026716    2019011420190116826000000001300105320181221000051014093000100000000013000000142000003683089    4                       1         
G0793003000026716    2019011420190116826900000003850105320181206000980095608600100000000038500000142000003691737    4                       1         
G0793003000026716    2019011420190116826200000004200105320181221000202014107700100000000042000000142000003703089    4                       1         
G0793003000026716    2019011420190116826900000004200105320181203002170000354600100000000042000000142000003711141    4                       1         
G0793003000026716    2019011420190116826800000045350105320181203001295000287900100000000453500000142000003721141    4                       1         
G0793003000026716    2019011420190116826800000026800105320181203000228000201100100000000268000000142000003731141    4                       1         
G0793003000026716    2019011420190116826800000009350105320181203000584000231200100000000093500000142000003741141    4                       1         
G0793003000026716    2019011420190116826000000004200105320190103002085000513300100000000042000000142000003751141    4                       1         
G0793003000026716    2019011420190116826000000004200105320190103001001000436600100000000042000000142000003761141    4                       1         
G0793003000026716    2019011420190116826700000004800105320190121000141014189500100000000048000000142000003773089    4                       1         
G0793003000026716    2019011420190116826200000004200105320190121000126014188100100000000042000000142000003783089    4                       1         
G0793003000026716    2019011420190116826200000004200105320181221000186014106300100000000042000000142000003793089    4                       1         
G0793003000026716    2019011420190116826200000004200105320181221000177014105400100000000042000000142000003803089    4                       1         
G0793003000026716    2019011420190116826200000004200105320181121000565014054000100000000042000000142000003813089    4                       1         
G0793003000026716    2019011420190116826600000001300105320190121000505014222100100000000013000000142000003823089    4                       1         
G0793003000026716    2019011420190116826500000004300105320190121000060014182100100000000043000000142000003833089    4                       1         
G0793003000026716    2019011420190116826500000004200105320190121000229014197200100000000042000000142000003843089    4                       1         
G0793003000026716    2019011420190116826500000004200105320190121000125014188000100000000042000000142000003853089    4                       1         
G0793003000026716    2019011420190116826400000004400105320190121000558014226900100000000044000000142000003863089    4                       1         
G0793003000026716    2019011420190116826400000001300105320181221000675014152000100000000013000000142000003873089    4                       1         
G0793003000026716    2019011420190116826400000004300105320190121000598014230300100000000043000000142000003883089    4                       1         
G0793003000026716    2019011420190116826400000004200105320190121000713014241200100000000042000000142000003893089    4                       1         
G0793003000026716    2019011420190116826400000004200105320190121000608014231200100000000042000000142000003903089    4                       1         
G0793003000026716    2019011420190116826400000004200105320190121000513014222900100000000042000000142000003913089    4                       1         
G0793003000026716    2019011420190116826200000001300105320190121000088014184800100000000013000000142000003923089    4                       1         
G0793003000026716    2019011420190116826100000011700105320181221000156014103300100000000117000000142000003933089    4                       1         
G0793003000026716    2019011420190116826100000010850105320190121000796014248000100000000108500000142000003943089    4                       1         
G0793003000026716    2019011420190116826100000010850105320190121000596014230100100000000108500000142000003953089    4                       1         
G0793003000026716    2019011420190116826100000010100105320190121000074014183400100000000101000000142000003963089    4                       1         
G0793003000026716    2019011420190116826100000004400105320190121000034014179600100000000044000000142000003973089    4                       1         
G0793003000026716    2019011420190116826000000005400105320181221000323014119100100000000054000000142000003983089    4                       1         
G0793003000026716    2019011420190116826000000004200105320190121000084014184400100000000042000000142000003993089    4                       1         
G0793003000026716    2019011420190116826700000001300105320190121000658014236000100000000013000000142000004003089    4                       1         
G0793003000026716    2019011420190116826700000001300105320190121000621014232400100000000013000000142000004013089    4                       1         
G0793003000026716    2019011420190116826600000010100105320181221000868014168000100000000101000000142000004023089    4                       1         
G0793003000026716    2019011420190116826100000004300105320181221000315014118300100000000043000000142000004033089    4                       1         
G0793003000026716    2019011420190116826100000004200105320190121000352014208200100000000042000000142000004043089    4                       1         
G0793003000026716    2019011420190116826100000004200105320190121000227014197000100000000042000000142000004053089    4                       1         
G0793003000026716    2019011420190116826600000008600105320181121000435014041800100000000086000000142000004063089    4                       1         
G0793003000026716    2019011420190116826800000004300105320190121000081014184100100000000043000000142000004073089    4                       1         
G0793003000026716    2019011420190116826600000004200105320190121000313014204500100000000042000000142000004083089    4                       1         
G0793003000026716    2019011420190116826600000004200105320190121000233014262800100000000042000000142000004093089    4                       1         
G0793003000026716    2019011420190116826600000004200105320190121000131014188500100000000042000000142000004103089    4                       1         
G0793003000026716    2019011420190116826800000004200105320181221000291014116000100000000042000000142000004113089    4                       1         
G0793003000026716    2019011420190116826800000004200105320181221000169014104600100000000042000000142000004123089    4                       1         
G0793003000026716    2019011420190116826800000001400105320181221000658014150400100000000014000000142000004133089    4                       1         
G0793003000026716    2019011420190116826300000005950105320181221000320014118800100000000059500000142000004143089    4                       1         
G0793003000026716    2019011420190116826300000004350105320190121000416014213800100000000043500000142000004153089    4                       1         
G0793003000026716    2019011420190116826300000004300105320181221000173014105000100000000043000000142000004163089    4                       1         
G0793003000026716    2019011420190116826300000004200105320190121000016014177800100000000042000000142000004173089    4                       1         
G0793003000026716    2019011420190116826200000010850105320190121000148014190100100000000108500000142000004183089    4                       1         
G0793003000026716    2019011420190116826000000004200105320181203001732000320300100000000042000000142000004191141    4                       1         
G0793003000026716    2019011420190116826300000008600105320190115000372018030400100000000086000000142000004201141    4                       1         
G0793003000026716    2019011420190116826900000006900105320190103000366000386600100000000069000000142000004211141    4                       1         
G0793003000026716    2019011420190116826700000004200105320190115000215018018200100000000042000000142000004221141    4                       1         
G0793003000026716    2019011420190116826200000004200105320190115000274018022500100000000042000000142000004231141    4                       1         
G0793003000026716    2019011420190116826400000015300105320181203001684000316500100000000153000000142000004241141    4                       1         
G0793003000026716    2019011420190116826400000012600105320181203001551000306800100000000126000000142000004251141    4                       1         
G0793003000026716    2019011420190116826500000004800105320190115000460018037900100000000048000000142000004261141    4                       1         
G0793003000026716    2019011420190116826300000010850105320190115000620018051700100000000108500000142000004271141    4                       1         
G0793003000026716    2019011420190116826300000009350105320190115000423018034600100000000093500000142000004281141    4                       1         
G0793003000026716    2019011420190116826100000014750105320190115000062018005100100000000147500000142000004291141    4                       1         
G0793003000026716    2019011420190116826100000004200105320190115000561018046300100000000042000000142000004301141    4                       1         
G0793003000026716    2019011420190116826800000006550105320190115000076018006300100000000065500000142000004311141    4                       1         
G0793003000026716    2019011420190116826600000004350105320190103001054000440700100000000043500000142000004321141    4                       1         
G0793003000026716    2019011420190116826900000004800105320190115000588018048900100000000048000000142000004331141    4                       1         
G0793003000026716    2019011420190116826300000004200105320190115000070018005800100000000042000000142000004341141    4                       1         
G0793003000026716    2019011420190116826800000004200105320190115000711018059100100000000042000000142000004351141    4                       1         
G0793003000026716    2019011420190116826600000004200105320190115000603018050200100000000042000000142000004361141    4                       1         
G0793003000026716    2019011420190116826200000006650105320190103001918000502100100000000066500000142000004371141    4                       1         
G0793003000026716    2019011420190116826200000006650105320190103001482000470300100000000066500000142000004381141    4                       1         
G0793003000026716    2019011420190116826200000004350105320190103001324000459500100000000043500000142000004391141    4                       1         
G0793003000026716    2019011420190116826200000004300105320181203001620000311900100000000043000000142000004401141    4                       1         
G0793003000026716    2019011420190116826200000004300105320181203001203000280500100000000043000000142000004411141    4                       1         
G0793003000026716    2019011420190116826200000004200105320190103000017000360700100000000042000000142000004421141    4                       1         
G0793003000026716    2019011420190116826200000004200105320181203001758000322500100000000042000000142000004431141    4                       1         
G0793003000026716    2019011420190116826700000004200105320190103001429000466600100000000042000000142000004441141    4                       1         
G0793003000026716    2019011420190116826700000004200105320181203000878000255200100000000042000000142000004451141    4                       1         
G0793003000026716    2019011420190116826100000004200105320190103002134000516600100000000042000000142000004461141    4                       1         
G0793003000026716    2019011420190116826100000004200105320190103001530000527100100000000042000000142000004471141    4                       1         
G0793003000026716    2019011420190116826100000004200105320190103001210000451900100000000042000000142000004481141    4                       1         
G0793003000026716    2019011420190116826100000004200105320190103000467000395000100000000042000000142000004491141    4                       1         
G0793003000026716    2019011420190116826100000004200105320181203002094000348600100000000042000000142000004501141    4                       1         
G0793003000026716    2019011420190116826500000016650105320181203001467000300700100000000166500000142000004511141    4                       1         
G0793003000026716    2019011420190116826500000006050105320190103001453000468400100000000060500000142000004521141    4                       1         
G0793003000026716    2019011420190116826500000005700105320181203000217000200200100000000057000000142000004531141    4                       1         
G0793003000026716    2019011420190116826500000004900105320190103002168000519400100000000049000000142000004541141    4                       1         
G0793003000026716    2019011420190116826500000004900105320181203000098000191000100000000049000000142000004551141    4                       1         
G0793003000026716    2019011420190116826600000004200105320190115000381018031300100000000042000000142000004561141    4                       1         
G0793003000026716    2019011420190116826600000004200105320190115000053018004300100000000042000000142000004571141    4                       1         
G0793003000026716    2019011420190116826900000005350105320190115000520018042800100000000053500000142000004581141    4                       1         
G0793003000026716    2019011420190116826400000012150105320190115000534018044100100000000121500000142000004591141    4                       1         
G0793003000026716    2019011420190116826000000004200105320190115000113018009700100000000042000000142000004601141    4                       1         
G0793003000026716    2019011420190116826500000004200105320190115000259018021400100000000042000000142000004611141    4                       1         
G0793003000026716    2019011420190116826500000004300105320190103002206000522600100000000043000000142000004621141    4                       1         
G0793003000026716    2019011420190116826400000004300105320190103001059000441100100000000043000000142000004631141    4                       1         
G0793003000026716    2019011420190116826400000004300105320181203001794000325500100000000043000000142000004641141    4                       1         
G0793003000026716    2019011420190116826300000008600105320181203001167000278300100000000086000000142000004651141    4                       1         
G0793003000026716    2019011420190116826000000010850105320181203000719000242000100000000108500000142000004661141    4                       1         
G0793003000026716    2019011420190116826100000016300105320181203000457000220200100000000163000000142000004671141    4                       1         
G0793003000026716    2019011420190116826100000010000105320190103000677000412200100000000100000000142000004681141    4                       1         
G0793003000026716    2019011420190116826100000008650105320190103000903000429400100000000086500000142000004691141    4                       1         
G0793003000026716    2019011420190116826100000008450105320181203000121000192900100000000084500000142000004701141    4                       1         
G0793003000026716    2019011420190116826100000007100105320181203001031000267100100000000071000000142000004711141    4                       1         
G0793003000026716    2019011420190116826100000005550105320190103001997000507700100000000055500000142000004721141    4                       1         
G0793003000026716    2019011420190116826100000004800105320181203001139000276100100000000048000000142000004731141    4                       1         
G0793003000026716    2019011420190116826100000004400105320190103001456000468500100000000044000000142000004741141    4                       1         
G0793003000026716    2019011420190116826100000004350105320190103001139000447100100000000043500000142000004751141    4                       1         
G0793003000026716    2019011420190116826100000004300105320190103001925000502600100000000043000000142000004761141    4                       1         
G0793003000026716    2019011420190116826000000008050105320190103000813000423000100000000080500000142000004771141    4                       1         
G0793003000026716    2019011420190116826000000006700105320190103000787000421100100000000067000000142000004781141    4                       1         
G0793003000026716    2019011420190116826000000006450105320190103000599000406500100000000064500000142000004791141    4                       1         
G0793003000026716    2019011420190116826100000004300105320190103001704000486000100000000043000000142000004801141    4                       1         
G0793003000026716    2019011420190116826100000004300105320190103001408000465200100000000043000000142000004811141    4                       1         
G0793003000026716    2019011420190116826000000004350105320190103000958000433900100000000043500000142000004821141    4                       1         
G0793003000026716    2019011420190116826000000004300105320190103000286000380300100000000043000000142000004831141    4                       1         
G0793003000026716    2019011420190116826100000004300105320190103001298000457800100000000043000000142000004841141    4                       1         
G0793003000026716    2019011420190116826500000004200105320190115000066018005500100000000042000000142000004851141    4                       1         
G0793003000026716    2019011420190116826000000007050105320190103000805002549800100000000070500000142000004864481    4                       1         
G0793003000026716    2019011420190116826000000004150105320190103000556002532600100000000041500000142000004871116    4                       1         
G0793003000026716    2019011420190116826700000005300105320190103000636002538000100000000053000000142000004881116    4                       1         
G0793003000026716    2019011420190116826200000004150105320190103000577002534200100000000041500000142000004891116    4                       1         
G0793003000026716    2019011420190116826200000004150105320190103000508002529700100000000041500000142000004901116    4                       1         
G0793003000026716    2019011420190116826700000004150105320190103000807002550000100000000041500000142000004911116    4                       1         
G0793003000026716    2019011420190116826700000004150105320190103000565002533200100000000041500000142000004921116    4                       1         
G0793003000026716    2019011420190116826700000004150105320190103000151002508700100000000041500000142000004931116    4                       1         
G0793003000026716    2019011420190116826600000004150105320190103000579002534400100000000041500000142000004941116    4                       1         
G0793003000026716    2019011420190116826600000004150105320190103000375002521900100000000041500000142000004951116    4                       1         
G0793003000026716    2019011420190116826100000004150105320190103000750002545500100000000041500000142000004961116    4                       1         
G0793003000026716    2019011420190116826100000004150105320190103000660002539400100000000041500000142000004971116    4                       1         
G0793003000026716    2019011420190116826100000004150105320190103000567002533400100000000041500000142000004981116    4                       1         
G0793003000026716    2019011420190116826400000004750105320190103000061002503300100000000047500000142000004991116    4                       1         
G0793003000026716    2019011420190116826900000004150105320190103000795002548800100000000041500000142000005001116    4                       1         
G0793003000026716    2019011420190116826900000004150105320190103000141002507800100000000041500000142000005011116    4                       1         
G0793003000026716    2019011420190116826000000004150105320190103000327002519400100000000041500000142000005021116    4                       1         
G0793003000026716    2019011420190116826300000001300105320190121000098014185600100000000013000000142000005033089    4                       1         
G0793003000026716    2019011420190116826700000014400105320181221000059014093800100000000144000000142000005043089    4                       1         
G0793003000026716    2019011420190116826700000011000105320190121000113014187000100000000110000000142000005053089    4                       1         
G0793003000026716    2019011420190116826700000006550105320190121000600014230500100000000065500000142000005063089    4                       1         
Z00050800000000002768600                                                                                                                              
