A2201053              HIDROFORTETOCANTINS 104CAIXA ECON. FEDERAL 2019011600153103                                                                     
G0793003000026716    2019011520190116826400000004100105300100000070077035558000000000000041000000142000000013458    3                       1         
G0793003000026716    2019011520190116826500000005650105320190103001388000463900100000000056500000142000000020946    3                       1         
G0793003000026716    2019011520190117826900000004000105300100000061126002542700000000000040000000142000000033089    4                       1         
G0793003000026716    2019011520190117826100000004200105320190115000357022032100100000000042000000142000000043722    4                       1         
G0793003000026716    2019011520190117826300000004200105300100000070703081458800000000000042000000142000000053939    4                       1         
G0793003000026716    2019011520190117826300000004100105300100000070621081450700000000000041000000142000000063939    4                       1         
G0793003000026716    2019011520190117826200000005800105300100000070178081414400000000000058000000142000000073939    4                       1         
G0793003000026716    2019011520190117826200000004300105300100000071649081375100000000000043000000142000000083939    4                       1         
G0793003000026716    2019011520190117826700000005800105300100000070614081450000000000000058000000142000000093939    4                       1         
G0793003000026716    2019011520190117826400000004200105300100000071758081558800000000000042000000142000000103939    4                       1         
G0793003000026716    2019011520190117826700000001300105300100000071082081494600000000000013000000142000000113939    4                       1         
G0793003000026716    2019011520190117826900000004100105300100000071246081510000000000000041000000142000000123939    4                       1         
G0793003000026716    2019011520190117826900000004100105300100000070689081457500000000000041000000142000000133939    4                       1         
G0793003000026716    2019011520190117826600000004100105300100000071420081527100000000000041000000142000000143939    4                       1         
G0793003000026716    2019011520190117826500000004100105300100000070548081443600000000000041000000142000000153939    4                       1         
G0793003000026716    2019011520190117826800000006500105300100000071252081510600000000000065000000142000000163939    4                       1         
G0793003000026716    2019011520190117826500000004150105300100000071259081511300000000000041500000142000000173939    4                       1         
G0793003000026716    2019011520190117826300000004200105300100000071227081508100000000000042000000142000000183939    4                       1         
G0793003000026716    2019011520190117826500000003450105300100000005870006773100000000000034500000142000000193863    4                       1         
G0793003000026716    2019011520190117826600000006400105300100000060363002476600000000000064000000142000000203738    4                       1         
G0793003000026716    2019011520190117826400000012150105300100000060453002484300000000000121500000142000000213738    4                       1         
G0793003000026716    2019011520190117826200000003200105300100000005705006770100000000000032000000142000000223863    4                       1         
G0793003000026716    2019011520190117826800000001150105300100000060237002466000000000000011500000142000000233738    4                       1         
G0793003000026716    2019011520190117826600000003750105300100000060286002470300000000000037500000142000000243738    4                       1         
G0793003000026716    2019011520190117826100000009800105300100000060975002529700000000000098000000142000000253738    4                       1         
G0793003000026716    2019011520190117826200000002550105300100000004950005837400000000000025500000142000000263863    4                       1         
G0793003000026716    2019011520190117826000000003750105300100000060844002413800000000000037500000142000000273738    4                       1         
G0793003000026716    2019011520190117826000000007350105300100000060844002517800000000000073500000142000000283738    4                       1         
G0793003000026716    2019011520190117826000000003850105300100000060908002420000000000000038500000142000000293738    4                       1         
G0793003000026716    2019011520190117826700000003850105300100000060282002364800000000000038500000142000000303089    4                       1         
G0793003000026716    2019011520190117826600000001250105300100000070467035662600000000000012500000142000000311829    4                       1         
G0793003000026716    2019011520190117826800000004100105300100000070717035680600000000000041000000142000000321829    4                       1         
G0793003000026716    2019011520190117826000000004150105300100000070846035689700000000000041500000142000000331829    4                       1         
G0793003000026716    2019011520190117826800000005800105300100000070631035673700000000000058000000142000000341829    4                       1         
G0793003000026716    2019011520190117826200000003200105300100000000880006716800000000000032000000142000000353863    4                       1         
G0793003000026716    2019011520190117826900000004150105300100000070752035683200000000000041500000142000000361829    4                       1         
G0793003000026716    2019011520190117826900000006450105300100000070405035580500000000000064500000142000000371829    4                       1         
G0793003000026716    2019011520190117826600000010800105300100000002210006729200000000000108000000142000000383863    4                       1         
G0793003000026716    2019011520190117826600000003400105300100000005705006698700000000000034000000142000000393863    4                       1         
G0793003000026716    2019011520190117826200000002550105300100000004950005766600000000000025500000142000000403863    4                       1         
G0793003000026716    2019011520190117826200000001300105300100000070068035635200000000000013000000142000000411829    4                       1         
G0793003000026716    2019011520190117826600000001300105300100000070320035652100000000000013000000142000000421829    4                       1         
G0793003000026716    2019011520190117826900000003100105300100000001340006721300000000000031000000142000000433863    4                       1         
G0793003000026716    2019011520190117826900000003800105300100000060900002523300000000000038000000142000000443738    4                       1         
G0793003000026716    2019011520190117826900000004150105300100000070170035640000000000000041500000142000000451829    4                       1         
G0793003000026716    2019011520190117826200000004750105300100000070279035649100000000000047500000142000000461829    4                       1         
G0793003000026716    2019011520190117826200000008100105300100000070578035670000000000000081000000142000000471829    4                       1         
G0793003000026716    2019011520190117826800000004200105300100000070259035647400000000000042000000142000000481829    4                       1         
G0793003000026716    2019011520190117826800000004100105300100000070903035693100000000000041000000142000000491829    4                       1         
G0793003000026716    2019011520190117826900000006450105300100000070405035657900000000000064500000142000000501829    4                       1         
G0793003000026716    2019011520190117826400000004950105300100000003635006742700000000000049500000142000000513863    4                       1         
G0793003000026716    2019011520190117826800000004550105300100000005915006773600000000000045500000142000000523863    4                       1         
G0793003000026716    2019011520190117826600000004100105300100000070603081448900000000000041000000142000000533939    4                       1         
G0793003000026716    2019011520190117826400000004100105300100000071999081580900000000000041000000142000000543939    4                       1         
G0793003000026716    2019011520190117826100000001300105300100000071071081493600000000000013000000142000000553939    4                       1         
G0793003000026716    2019011520190117826000000004200105300100000071260081511400000000000042000000142000000563939    4                       1         
G0793003000026716    2019011520190117826200000004200105300100000071758081385400000000000042000000142000000573939    4                       1         
G0793003000026716    2019011520190117826100000001300105300100000071739081557000000000000013000000142000000583939    4                       1         
G0793003000026716    2019011520190117826400000008250105300100000003360006740300000000000082500000142000000593863    4                       1         
G0793003000026716    2019011520190117826900000004250105300100000070157020264600000000000042500000142000000601829    4                       1         
G0793003000026716    2019011520190117826500000005150105300100000070186020266400000000000051500000142000000611829    4                       1         
G0793003000026716    2019011520190117826400000004050105300100000070226020269100000000000040500000142000000621829    4                       1         
G0793003000026716    2019011520190117826100000004050105300100000070087020260100000000000040500000142000000631829    4                       1         
G0793003000026716    2019011520190117826800000004100105300100000006010006778700000000000041000000142000000643863    4                       1         
G0793003000026716    2019011520190117826400000005050105300100000000450006712700000000000050500000142000000653863    4                       1         
G0793003000026716    2019011520190117826400000004700105300100000003730006743500000000000047000000142000000663863    4                       1         
G0793003000026716    2019011520190117826000000004200105320190115000558018046100100000000042000000142000000671141    4                       1         
G0793003000026716    2019011520190117826200000004200105320190115000429018035000100000000042000000142000000681141    4                       1         
G0793003000026716    2019011520190117826100000004200105320190115000615018051200100000000042000000142000000691141    4                       1         
G0793003000026716    2019011520190117826600000004200105320190115000086018007200100000000042000000142000000701141    4                       1         
G0793003000026716    2019011520190117826800000004800105320190115000100022008900100000000048000000142000000713738    4                       1         
G0793003000026716    2019011520190117826700000004200105320190115000690022061300100000000042000000142000000723738    4                       1         
G0793003000026716    2019011520190117826700000004200105320190115000370022033400100000000042000000142000000733738    4                       1         
G0793003000026716    2019011520190117826600000004200105320190115000529018043700100000000042000000142000000741141    4                       1         
G0793003000026716    2019011520190117826000000004200105320190115000500022044700100000000042000000142000000753738    4                       1         
G0793003000026716    2019011520190117826600000004200105320190115000366018029900100000000042000000142000000761141    4                       1         
G0793003000026716    2019011520190117826000000004200105320190115000141022012400100000000042000000142000000773738    4                       1         
G0793003000026716    2019011520190117826100000004200105320190115000243022022100100000000042000000142000000783738    4                       1         
G0793003000026716    2019011520190117826600000004200105320190115000355018029100100000000042000000142000000791141    4                       1         
G0793003000026716    2019011520190117826600000004200105320190115000035018003000100000000042000000142000000801141    4                       1         
G0793003000026716    2019011520190117826500000007850105320190121000207014195400100000000078500000142000000813089    4                       1         
G0793003000026716    2019011520190117826200000004200105320190115000819022070300100000000042000000142000000823738    4                       1         
G0793003000026716    2019011520190117826500000004200105320190121000740014243400100000000042000000142000000833089    4                       1         
G0793003000026716    2019011520190117826200000004200105320190115000246022022400100000000042000000142000000843738    4                       1         
G0793003000026716    2019011520190117826100000004200105320181221000216014108900100000000042000000142000000853089    4                       1         
G0793003000026716    2019011520190117826600000004800105320190115000378022034200100000000048000000142000000863738    4                       1         
G0793003000026716    2019011520190117826400000001600105320190121000633014233600100000000016000000142000000873089    4                       1         
G0793003000026716    2019011520190117826700000010850105320190115000355022031900100000000108500000142000000883738    4                       1         
G0793003000026716    2019011520190117826400000001300105320190121000257014262700100000000013000000142000000893089    4                       1         
G0793003000026716    2019011520190117826500000004200105320190115000641022057200100000000042000000142000000903738    4                       1         
G0793003000026716    2019011520190117826900000001300105320190121000682014238300100000000013000000142000000913089    4                       1         
G0793003000026716    2019011520190117826800000008600105320181221000626014147300100000000086000000142000000923089    4                       1         
G0793003000026716    2019011520190117826800000006550105320181221000842014166200100000000065500000142000000933089    4                       1         
G0793003000026716    2019011520190117826800000005950105320190121000659014236100100000000059500000142000000943089    4                       1         
G0793003000026716    2019011520190117826700000004200105320190115000268022024200100000000042000000142000000953738    4                       1         
G0793003000026716    2019011520190117826700000004200105320190115000210022019000100000000042000000142000000963738    4                       1         
G0793003000026716    2019011520190117826500000005350105320190115000028022002400100000000053500000142000000973738    4                       1         
G0793003000026716    2019011520190117826800000004300105320181221000484014134200100000000043000000142000000983089    4                       1         
G0793003000026716    2019011520190117826400000001300105320181221000257014112700100000000013000000142000000993089    4                       1         
G0793003000026716    2019011520190117826500000004200105320181221000341014120800100000000042000000142000001003089    4                       1         
G0793003000026716    2019011520190117826500000001300105320190121000458014217800100000000013000000142000001013089    4                       1         
G0793003000026716    2019011520190117826500000001300105320190121000430014215100100000000013000000142000001023089    4                       1         
G0793003000026716    2019011520190117826200000004300105320190121000723014242100100000000043000000142000001033089    4                       1         
G0793003000026716    2019011520190117826200000004300105320181221000677014152200100000000043000000142000001043089    4                       1         
G0793003000026716    2019011520190117826400000004200105320190121000089014184900100000000042000000142000001053089    4                       1         
G0793003000026716    2019011520190117826700000004200105320181221000435014129600100000000042000000142000001063089    4                       1         
G0793003000026716    2019011520190117826000000004300105320190121000216014196200100000000043000000142000001073089    4                       1         
G0793003000026716    2019011520190117826000000004200105320190121000777014246300100000000042000000142000001083089    4                       1         
G0793003000026716    2019011520190117826700000004200105320181121000257014024700100000000042000000142000001093089    4                       1         
G0793003000026716    2019011520190117826100000004200105320190115000439018035900100000000042000000142000001101141    4                       1         
G0793003000026716    2019011520190117826300000004800105320190115000458018037700100000000048000000142000001111141    4                       1         
G0793003000026716    2019011520190117826800000010850105320190115000657018055100100000000108500000142000001121141    4                       1         
G0793003000026716    2019011520190117826500000004800105320190115000264018021700100000000048000000142000001131141    4                       1         
G0793003000026716    2019011520190117826500000004200105320190115000063018005200100000000042000000142000001141141    4                       1         
G0793003000026716    2019011520190117826900000004200105320190115000602018050100100000000042000000142000001151141    4                       1         
G0793003000026716    2019011520190117826900000004200105320190115000272018022300100000000042000000142000001161141    4                       1         
G0793003000026716    2019011520190117826900000004200105320190115000180018015300100000000042000000142000001171141    4                       1         
G0793003000026716    2019011520190117826900000004200105320190115000052018004200100000000042000000142000001181141    4                       1         
G0793003000026716    2019011520190117826800000004200105320190115000619018051600100000000042000000142000001191141    4                       1         
G0793003000026716    2019011520190117826800000004200105320190115000126018010900100000000042000000142000001201141    4                       1         
G0793003000026716    2019011520190117826300000006550105320190115000601018050000100000000065500000142000001211141    4                       1         
G0793003000026716    2019011520190117826400000004800105320190115000097018008300100000000048000000142000001221141    4                       1         
G0793003000026716    2019011520190117826300000004200105320190115000579018048100100000000042000000142000001231141    4                       1         
G0793003000026716    2019011520190117826300000004200105320190115000342018028100100000000042000000142000001241141    4                       1         
G0793003000026716    2019011520190117826300000004200105320190115000228018019100100000000042000000142000001251141    4                       1         
G0793003000026716    2019011520190117826300000004200105320190115000167018014000100000000042000000142000001261141    4                       1         
G0793003000026716    2019011520190117826700000007100105320190115000297018024500100000000071000000142000001271141    4                       1         
G0793003000026716    2019011520190117826000000005950105320190115000652018054700100000000059500000142000001281141    4                       1         
G0793003000026716    2019011520190117826700000005350105320190115000280018023100100000000053500000142000001291141    4                       1         
G0793003000026716    2019011520190117826600000004150105320190103000142002507900100000000041500000142000001301116    4                       1         
G0793003000026716    2019011520190117826800000004150105320190103000607002536000100000000041500000142000001311116    4                       1         
G0793003000026716    2019011520190117826700000010700105320190103000723002543600100000000107000000142000001321116    4                       1         
G0793003000026716    2019011520190117826700000004150105320190103000370002521600100000000041500000142000001331116    4                       1         
G0793003000026716    2019011520190117826700000004150105320190103000017002500800100000000041500000142000001341116    4                       1         
G0793003000026716    2019011520190117826700000001300105320181221000725014156600100000000013000000142000001353089    4                       1         
G0793003000026716    2019011520190117826700000001300105320181221000665014151000100000000013000000142000001363089    4                       1         
G0793003000026716    2019011520190117826200000004200105320181221000040014091900100000000042000000142000001373089    4                       1         
G0793003000026716    2019011520190117826600000004200105320190121000456014217600100000000042000000142000001383089    4                       1         
G0793003000026716    2019011520190117826600000004200105320181221000771014160300100000000042000000142000001393089    4                       1         
G0793003000026716    2019011520190117826000000004200105320190121000299014203300100000000042000000142000001403089    4                       1         
G0793003000026716    2019011520190117826200000004200105320190114001222010341200100000000042000000142000001414613    4                       1         
G0793003000026716    2019011520190117826000000001300105320190121000564014227500100000000013000000142000001423089    4                       1         
G0793003000026716    2019011520190117826500000003850105320181206000118095525100100000000038500000142000001434481    4                       1         
G0793003000026716    2019011520190117826300000003850105320181107000028000002700100000000038500000142000001444481    4                       1         
G0793003000026716    2019011520190117826700000003850105320181107000118000011500100000000038500000142000001454481    4                       1         
G0793003000026716    2019011520190117826900000006550105320181221000378014124300100000000065500000142000001463089    4                       1         
G0793003000026716    2019011520190117826700000003850105320181107000521000051600100000000038500000142000001474481    4                       1         
G0793003000026716    2019011520190117826800000004200105320190114000953010325700100000000042000000142000001481829    4                       1         
G0793003000026716    2019011520190117826300000012600105320181213000326010154200100000000126000000142000001491829    4                       1         
G0793003000026716    2019011520190117826500000004200105320190114000432010288200100000000042000000142000001501829    4                       1         
G0793003000026716    2019011520190117826500000004200105320181213001117010211700100000000042000000142000001511829    4                       1         
G0793003000026716    2019011520190117826500000004200105320181213000689010180100100000000042000000142000001521829    4                       1         
G0793003000026716    2019011520190117826300000010850105320181213001402010231800100000000108500000142000001531829    4                       1         
G0793003000026716    2019011520190117826300000005950105320181213001416010232900100000000059500000142000001541829    4                       1         
G0793003000026716    2019011520190117826300000005950105320181213000256010148800100000000059500000142000001551829    4                       1         
G0793003000026716    2019011520190117826300000004200105320190114000782010314000100000000042000000142000001561829    4                       1         
G0793003000026716    2019011520190117826300000004200105320190114000565010296700100000000042000000142000001571829    4                       1         
G0793003000026716    2019011520190117826400000014400105320181213000844010193800100000000144000000142000001581829    4                       1         
G0793003000026716    2019011520190117826400000008600105320181213000763010186600100000000086000000142000001591829    4                       1         
G0793003000026716    2019011520190117826000000004200105320190121000746014243800100000000042000000142000001603089    4                       1         
G0793003000026716    2019011520190117826600000003850105320181206000521095563700100000000038500000142000001614481    4                       1         
G0793003000026716    2019011520190117826200000003850105320181107000022000002100100000000038500000142000001624481    4                       1         
G0793003000026716    2019011520190117826400000003850105320181206000028095516600100000000038500000142000001634481    4                       1         
G0793003000026716    2019011520190117826900000003850105320181206001112095621700100000000038500000142000001644481    4                       1         
G0793003000026716    2019011520190117826200000010100105320190114000880010321500100000000101000000142000001651829    4                       1         
G0793003000026716    2019011520190117826300000004300105320190114001462010357100100000000043000000142000001663939    4                       1         
G0793003000026716    2019011520190117826300000004200105320181203001881000332400100000000042000000142000001671141    4                       1         
G0793003000026716    2019011520190117826600000011050105320190103000168000371500100000000110500000142000001681141    4                       1         
G0793003000026716    2019011520190117826200000004200105320190103000516000399300100000000042000000142000001691141    4                       1         
G0793003000026716    2019011520190117826600000009500105320190103001922000502400100000000095000000142000001701141    4                       1         
G0793003000026716    2019011520190117826600000008800105320190103001712000486500100000000088000000142000001711141    4                       1         
G0793003000026716    2019011520190117826600000004450105320190103000109000367000100000000044500000142000001721141    4                       1         
G0793003000026716    2019011520190117826600000004200105320181203001685000316600100000000042000000142000001731141    4                       1         
G0793003000026716    2019011520190117826200000004200105320181203000342000210500100000000042000000142000001741141    4                       1         
G0793003000026716    2019011520190117826100000020450105320181203000012000184300100000000204500000142000001751141    4                       1         
G0793003000026716    2019011520190117826200000006550105320181213000306010152600100000000065500000142000001761829    4                       1         
G0793003000026716    2019011520190117826200000004800105320181213000411010159500100000000048000000142000001771829    4                       1         
G0793003000026716    2019011520190117826200000004300105320190114000457010289700100000000043000000142000001781829    4                       1         
G0793003000026716    2019011520190117826400000006100105320190114000695010306500100000000061000000142000001791829    4                       1         
G0793003000026716    2019011520190117826200000004300105320190114000320010280900100000000043000000142000001801829    4                       1         
G0793003000026716    2019011520190117826800000004200105320181213001285010223200100000000042000000142000001811829    4                       1         
G0793003000026716    2019011520190117826700000017350105320181213001363010228700100000000173500000142000001821829    4                       1         
G0793003000026716    2019011520190117826700000005950105320181213000695010180500100000000059500000142000001831829    4                       1         
G0793003000026716    2019011520190117826400000004800105320190114000039010260400100000000048000000142000001841829    4                       1         
G0793003000026716    2019011520190117826400000004300105320190114001351010349300100000000043000000142000001851829    4                       1         
G0793003000026716    2019011520190117826400000004200105320190114000422010287400100000000042000000142000001861829    4                       1         
G0793003000026716    2019011520190117826400000004200105320190114000069010262700100000000042000000142000001871829    4                       1         
G0793003000026716    2019011520190117826400000004200105320181213000828010192500100000000042000000142000001881829    4                       1         
G0793003000026716    2019011520190117826400000004200105320181213000825010192200100000000042000000142000001891829    4                       1         
G0793003000026716    2019011520190117826400000004200105320181213000613010174100100000000042000000142000001901829    4                       1         
G0793003000026716    2019011520190117826400000004200105320181213000498010165600100000000042000000142000001911829    4                       1         
G0793003000026716    2019011520190117826400000004200105320181213000432010161300100000000042000000142000001921829    4                       1         
G0793003000026716    2019011520190117826400000004200105320181114001403010103000100000000042000000142000001931829    4                       1         
G0793003000026716    2019011520190117826700000004800105320190114001079010332400100000000048000000142000001941829    4                       1         
G0793003000026716    2019011520190117826700000004300105320181213000563010170100100000000043000000142000001951829    4                       1         
G0793003000026716    2019011520190117826700000004300105320181213000482010164400100000000043000000142000001961829    4                       1         
G0793003000026716    2019011520190117826700000004200105320190114000832010318100100000000042000000142000001971829    4                       1         
G0793003000026716    2019011520190117826700000004200105320181213001216010218300100000000042000000142000001981829    4                       1         
G0793003000026716    2019011520190117826700000004200105320181213000377010157300100000000042000000142000001991829    4                       1         
G0793003000026716    2019011520190117826000000009450105320190114001064010331700100000000094500000142000002001829    4                       1         
G0793003000026716    2019011520190117826000000005950105320190114000130010267400100000000059500000142000002011829    4                       1         
G0793003000026716    2019011520190117826000000005350105320181213000456010162700100000000053500000142000002021829    4                       1         
G0793003000026716    2019011520190117826000000004300105320181213000935010199800100000000043000000142000002031829    4                       1         
G0793003000026716    2019011520190117826700000004200105320181213000325010154100100000000042000000142000002041829    4                       1         
G0793003000026716    2019011520190117826100000008050105320190103000816000423300100000000080500000142000002051141    4                       1         
G0793003000026716    2019011520190117826200000004300105320190103000548000402100100000000043000000142000002061141    4                       1         
G0793003000026716    2019011520190117826400000005550105320190103001305000458400100000000055500000142000002071141    4                       1         
G0793003000026716    2019011520190117826700000014400105320181203000171000196800100000000144000000142000002081141    4                       1         
G0793003000026716    2019011520190117826700000007150105320190103000474000395400100000000071500000142000002091141    4                       1         
G0793003000026716    2019011520190117826700000005450105320190103001778000491600100000000054500000142000002101141    4                       1         
G0793003000026716    2019011520190117826400000004400105320190103001892000500000100000000044000000142000002111141    4                       1         
G0793003000026716    2019011520190117826400000004300105320190103002158000518400100000000043000000142000002121141    4                       1         
G0793003000026716    2019011520190117826400000004300105320190103002121000515700100000000043000000142000002131141    4                       1         
G0793003000026716    2019011520190117826700000004400105320190103000313000382600100000000044000000142000002141141    4                       1         
G0793003000026716    2019011520190117826700000004350105320190103000416000390900100000000043500000142000002151141    4                       1         
G0793003000026716    2019011520190117826700000004300105320190103000388000388400100000000043000000142000002161141    4                       1         
G0793003000026716    2019011520190117826700000004200105320190103000779000420300100000000042000000142000002171141    4                       1         
G0793003000026716    2019011520190117826700000004200105320181203000357000211800100000000042000000142000002181141    4                       1         
G0793003000026716    2019011520190117826000000004200105320190103002058000523800100000000042000000142000002191141    4                       1         
G0793003000026716    2019011520190117826900000007850105320190114000576010297500100000000078500000142000002201829    4                       1         
G0793003000026716    2019011520190117826600000004800105320181213000402010158900100000000048000000142000002211829    4                       1         
G0793003000026716    2019011520190117826600000004200105320190114000907010322800100000000042000000142000002221829    4                       1         
G0793003000026716    2019011520190117826200000004200105320181213001101010210800100000000042000000142000002231829    4                       1         
G0793003000026716    2019011520190117826200000004200105320181213000565010170300100000000042000000142000002241829    4                       1         
G0793003000026716    2019011520190117826200000004200105320181213000457010162800100000000042000000142000002251829    4                       1         
G0793003000026716    2019011520190117826200000004200105320181213000320010153600100000000042000000142000002261829    4                       1         
G0793003000026716    2019011520190117826200000004200105320181213000039010132500100000000042000000142000002271829    4                       1         
G0793003000026716    2019011520190117826100000010850105320181213000106010137700100000000108500000142000002281829    4                       1         
G0793003000026716    2019011520190117826100000008600105320190114001031010330300100000000086000000142000002291829    4                       1         
G0793003000026716    2019011520190117826100000004350105320190114001455010356600100000000043500000142000002301829    4                       1         
G0793003000026716    2019011520190117826500000006050105320181213000785010188600100000000060500000142000002311829    4                       1         
G0793003000026716    2019011520190117826500000005350105320181213001650010249900100000000053500000142000002321829    4                       1         
G0793003000026716    2019011520190117826500000004950105320190114001639010368400100000000049500000142000002331829    4                       1         
G0793003000026716    2019011520190117826500000004300105320190114000545010295400100000000043000000142000002341829    4                       1         
G0793003000026716    2019011520190117826500000004200105320190114001325010348000100000000042000000142000002351829    4                       1         
G0793003000026716    2019011520190117826100000004200105320181213001494010239000100000000042000000142000002361829    4                       1         
G0793003000026716    2019011520190117826100000004200105320181213001261010221500100000000042000000142000002371829    4                       1         
G0793003000026716    2019011520190117826100000004200105320181213000392010158100100000000042000000142000002381829    4                       1         
G0793003000026716    2019011520190117826900000006100105320181213000050010133600100000000061000000142000002391829    4                       1         
G0793003000026716    2019011520190117826900000004800105320190114000050010261300100000000048000000142000002401829    4                       1         
G0793003000026716    2019011520190117826900000004800105320181213001587010245300100000000048000000142000002411829    4                       1         
G0793003000026716    2019011520190117826900000004200105320190114000020010259600100000000042000000142000002421829    4                       1         
G0793003000026716    2019011520190117826900000004200105320181213001219010218500100000000042000000142000002431829    4                       1         
G0793003000026716    2019011520190117826800000010850105320181213001237010219900100000000108500000142000002441829    4                       1         
G0793003000026716    2019011520190117826800000007850105320190114001225010341500100000000078500000142000002451829    4                       1         
G0793003000026716    2019011520190117826800000005350105320190114000929010324100100000000053500000142000002461829    4                       1         
G0793003000026716    2019011520190117826800000004800105320181213000483010164500100000000048000000142000002471829    4                       1         
G0793003000026716    2019011520190117826100000005950105320181203001315000289400100000000059500000142000002481141    4                       1         
G0793003000026716    2019011520190117826700000004200105320181213000259010149000100000000042000000142000002491829    4                       1         
G0793003000026716    2019011520190117826600000004150105320190103000100002505500100000000041500000142000002501116    4                       1         
G0793003000026716    2019011520190117826300000004150105320190103000797002549000100000000041500000142000002511116    4                       1         
G0793003000026716    2019011520190117826100000004200105320190115000492018040300100000000042000000142000002523459    4                       1         
G0793003000026716    2019011520190117826000000004200105320190114001578010364400100000000042000000142000002531829    4                       1         
G0793003000026716    2019011520190117826000000004200105320190114000577010297600100000000042000000142000002541829    4                       1         
G0793003000026716    2019011520190117826900000008800105320190114000763010312200100000000088000000142000002551829    4                       1         
G0793003000026716    2019011520190117826900000006550105320190114000596010299000100000000065500000142000002561829    4                       1         
G0793003000026716    2019011520190117826100000004300105320190103001088000443400100000000043000000142000002571141    4                       1         
G0793003000026716    2019011520190117826000000004200105320190115000456022041100100000000042000000142000002583738    4                       1         
G0793003000026716    2019011520190117826000000004200105320190115000263022023800100000000042000000142000002593738    4                       1         
G0793003000026716    2019011520190117826500000011100105320190103002104000514600100000000111000000142000002601141    4                       1         
G0793003000026716    2019011520190117826500000005950105320181203000732000243300100000000059500000142000002611141    4                       1         
G0793003000026716    2019011520190117826100000004200105320181203001829000328500100000000042000000142000002621141    4                       1         
G0793003000026716    2019011520190117826100000004200105320181203001231000283300100000000042000000142000002631141    4                       1         
G0793003000026716    2019011520190117826100000004200105320181203001050000268600100000000042000000142000002641141    4                       1         
G0793003000026716    2019011520190117826100000004200105320181203001005000265100100000000042000000142000002651141    4                       1         
G0793003000026716    2019011520190117826100000004200105320181203000977000263000100000000042000000142000002661141    4                       1         
G0793003000026716    2019011520190117826900000005550105320190103001643000482200100000000055500000142000002671141    4                       1         
G0793003000026716    2019011520190117826900000004800105320190103000098000366400100000000048000000142000002681141    4                       1         
G0793003000026716    2019011520190117826900000004300105320190103001666000483500100000000043000000142000002691141    4                       1         
G0793003000026716    2019011520190117826900000004200105320181203002089000348100100000000042000000142000002701141    4                       1         
G0793003000026716    2019011520190117826800000008700105320190103000187000372700100000000087000000142000002711141    4                       1         
G0793003000026716    2019011520190117826800000005050105320190103000294000380800100000000050500000142000002721141    4                       1         
G0793003000026716    2019011520190117826800000004200105320190103001345000460900100000000042000000142000002731141    4                       1         
G0793003000026716    2019011520190117826300000016400105320190114001766000490800100000000164000000142000002741141    4                       1         
G0793003000026716    2019011520190117826500000004200105320181203001884000332600100000000042000000142000002751141    4                       1         
G0793003000026716    2019011520190117826500000004200105320181203001651000314300100000000042000000142000002761141    4                       1         
G0793003000026716    2019011520190117826500000004200105320181203001419000297000100000000042000000142000002771141    4                       1         
G0793003000026716    2019011520190117826300000010850105320181203000615000234100100000000108500000142000002781141    4                       1         
G0793003000026716    2019011520190117826300000006200105320190103000592000405900100000000062000000142000002791141    4                       1         
G0793003000026716    2019011520190117826300000004350105320190103001803000493400100000000043500000142000002801141    4                       1         
G0793003000026716    2019011520190117826300000004300105320190103001510000472400100000000043000000142000002811141    4                       1         
G0793003000026716    2019011520190117826300000004300105320190103000924000431000100000000043000000142000002821141    4                       1         
G0793003000026716    2019011520190117826400000005950105320190103001731000488100100000000059500000142000002831141    4                       1         
G0793003000026716    2019011520190117826400000005650105320190103000843000425400100000000056500000142000002841141    4                       1         
G0793003000026716    2019011520190117826200000004300105320190103001083000443100100000000043000000142000002851141    4                       1         
Z00028700000000001439900                                                                                                                              
