A2201053              HIDROFORTETOCANTINS 104CAIXA ECON. FEDERAL 2019011700153203                                                                     
G0793003000026716    2019011620190117826100000008329105300100000000260006710900000000000083290000142000000010007    3                       1         
G0793003000026716    2019011620190117826300000004200105300100000070461081435800000000000042000000142000000023939    3                       1         
G0793003000026716    2019011620190118826400000001300105300100000070022035632000000000000013000000142000000033939    4                       1         
G0793003000026716    2019011620190118826100000004100105300100000071675081550900000000000041000000142000000043939    4                       1         
G0793003000026716    2019011620190118826500000003850105300100000060425002481700000000000038500000142000000053738    4                       1         
G0793003000026716    2019011620190118826800000004200105300100000070029081411700000000000042000000142000000063939    4                       1         
G0793003000026716    2019011620190118826500000004150105300100000070048035633600000000000041500000142000000071829    4                       1         
G0793003000026716    2019011620190118826400000001300105300100000071738081556900000000000013000000142000000083939    4                       1         
G0793003000026716    2019011620190118826500000007200105300100000071211081506600000000000072000000142000000093939    4                       1         
G0793003000026716    2019011620190118826900000004300105300100000070756081463900000000000043000000142000000103939    4                       1         
G0793003000026716    2019011620190118826800000001300105300100000070398081430000000000000013000000142000000113939    4                       1         
G0793003000026716    2019011620190118826700000015250105300100000071126081498800000000000152500000142000000123939    4                       1         
G0793003000026716    2019011620190118826900000004150105300100000071675081377500000000000041500000142000000133939    4                       1         
G0793003000026716    2019011620190118826500000004200105300100000071900081572700000000000042000000142000000143939    4                       1         
G0793003000026716    2019011620190118826800000001300105300100000070087035636200000000000013000000142000000151829    4                       1         
G0793003000026716    2019011620190118826700000004100105300100000070822081470200000000000041000000142000000163939    4                       1         
G0793003000026716    2019011620190118826900000004200105300100000071429081527900000000000042000000142000000173939    4                       1         
G0793003000026716    2019011620190118826600000007000105300100000071740081557100000000000070000000142000000183939    4                       1         
G0793003000026716    2019011620190118826300000007600105300100000006007006778600000000000076000000142000000190793    4                       1         
G0793003000026716    2019011620190118826500000004200105300100000071220081507400000000000042000000142000000203939    4                       1         
G0793003000026716    2019011620190118826900000009050105300100000071145081500600000000000090500000142000000213939    4                       1         
G0793003000026716    2019011620190118826600000004200105300100000071340081519400000000000042000000142000000223939    4                       1         
G0793003000026716    2019011620190118826200000002500105300100000071024081489100000000000025000000142000000233939    4                       1         
G0793003000026716    2019011620190118826800000001250105300100000070309020275200000000000012500000142000000241829    4                       1         
G0793003000026716    2019011620190118826100000005700105300100000071391081524300000000000057000000142000000253939    4                       1         
G0793003000026716    2019011620190118826800000004050105300100000070285020273000000000000040500000142000000261829    4                       1         
G0793003000026716    2019011620190118826400000001250105300100000070142020263600000000000012500000142000000271829    4                       1         
G0793003000026716    2019011620190118826600000004050105300100000070265020271400000000000040500000142000000281829    4                       1         
G0793003000026716    2019011620190118826800000004800105300100000070123020235300000000000048000000142000000291829    4                       1         
G0793003000026716    2019011620190118826300000001950105300100000070075020232300000000000019500000142000000301829    4                       1         
G0793003000026716    2019011620190118826100000004200105300100000071678081551200000000000042000000142000000313939    4                       1         
G0793003000026716    2019011620190118826700000003250105300100000005527006759800000000000032500000142000000323863    4                       1         
G0793003000026716    2019011620190118826200000004200105300000000001160010214700000000000042000000142000000331829    4                       1         
G0793003000026716    2019011620190118826800000004850105300100000002690006661600000000000048500000142000000343863    4                       1         
G0793003000026716    2019011620190118826800000004950105300100000003680006743200000000000049500000142000000353863    4                       1         
G0793003000026716    2019011620190118826200000008750105300100000061318002560000000000000087500000142000000363738    4                       1         
G0793003000026716    2019011620190118826000000003800105300100000061050002536300000000000038000000142000000373738    4                       1         
G0793003000026716    2019011620190118826400000003900105300100000061151002544900000000000039000000142000000383738    4                       1         
G0793003000026716    2019011620190118826400000003750105300100000060065001853200000000000037500000142000000393738    4                       1         
G0793003000026716    2019011620190118826100000004200105300100000070667081455300000000000042000000142000000403939    4                       1         
G0793003000026716    2019011620190118826900000003800105300100000060687002503900000000000038000000142000000413738    4                       1         
G0793003000026716    2019011620190118826500000009150105300100000001170006719700000000000091500000142000000423863    4                       1         
G0793003000026716    2019011620190118826700000004200105300100000070462035662100000000000042000000142000000431829    4                       1         
G0793003000026716    2019011620190118826200000004100105300100000071025035701900000000000041000000142000000441829    4                       1         
G0793003000026716    2019011620190118826000000008050105300100000070537081442600000000000080500000142000000453939    4                       1         
G0793003000026716    2019011620190118826100000004200105300100000070899035692700000000000042000000142000000461829    4                       1         
G0793003000026716    2019011620190118826900000004750105300100000070594035671200000000000047500000142000000471829    4                       1         
G0793003000026716    2019011620190118826500000001250105300100000070038035633000000000000012500000142000000481829    4                       1         
G0793003000026716    2019011620190118826400000004200105300000000000982010203200000000000042000000142000000491829    4                       1         
G0793003000026716    2019011620190118826700000004800105300100000001125006719200000000000048000000142000000503863    4                       1         
G0793003000026716    2019011620190118826900000003400105300100000005638006696300000000000034000000142000000513863    4                       1         
G0793003000026716    2019011620190118826100000003750105300100000060869002520300000000000037500000142000000523738    4                       1         
G0793003000026716    2019011620190118826000000005400105300100000061312002456700000000000054000000142000000533738    4                       1         
G0793003000026716    2019011620190118826900000004300105300100000070476035663100000000000043000000142000000541829    4                       1         
G0793003000026716    2019011620190118826400000003800105300100000060315002472500000000000038000000142000000553738    4                       1         
G0793003000026716    2019011620190118826600000003850105300100000060898002523100000000000038500000142000000563738    4                       1         
G0793003000026716    2019011620190118826100000004050105300100000060065001756000000000000040500000142000000573738    4                       1         
G0793003000026716    2019011620190118826800000003300105300100000002780006662500000000000033000000142000000583863    4                       1         
G0793003000026716    2019011620190118826500000003850105300100000060282002470000000000000038500000142000000593738    4                       1         
G0793003000026716    2019011620190118826600000004200105300100000070361035654700000000000042000000142000000601829    4                       1         
G0793003000026716    2019011620190118826700000003850105300100000060672002502400000000000038500000142000000613738    4                       1         
G0793003000026716    2019011620190118826100000004200105300100000070823035688100000000000042000000142000000621829    4                       1         
G0793003000026716    2019011620190118826600000001300105300100000070357035654300000000000013000000142000000631829    4                       1         
G0793003000026716    2019011620190118826300000009550105300100000001380006721700000000000095500000142000000643863    4                       1         
G0793003000026716    2019011620190118826500000004700105300100000003550006741900000000000047000000142000000653863    4                       1         
G0793003000026716    2019011620190118826700000011900105300100000002700006733500000000000119000000142000000663863    4                       1         
G0793003000026716    2019011620190118826700000003200105300100000005070006755600000000000032000000142000000670793    4                       1         
G0793003000026716    2019011620190118826200000004800105300000000000893010196800000000000048000000142000000681829    4                       1         
G0793003000026716    2019011620190118826000000004200105300000000001422010233400000000000042000000142000000691829    4                       1         
G0793003000026716    2019011620190118826600000004200105300000000001467010237200000000000042000000142000000701829    4                       1         
G0793003000026716    2019011620190118826200000009350105300000000000873010195700000000000093500000142000000711829    4                       1         
G0793003000026716    2019011620190118826800000004200105300000000001493010238900000000000042000000142000000721829    4                       1         
G0793003000026716    2019011620190118826000000007850105300100000070669081455500000000000078500000142000000733939    4                       1         
G0793003000026716    2019011620190118826700000005350105300000000000991010203700000000000053500000142000000741829    4                       1         
G0793003000026716    2019011620190118826000000004200105300100000070836081471600000000000042000000142000000753939    4                       1         
G0793003000026716    2019011620190118826000000004100105300100000071052081491700000000000041000000142000000763939    4                       1         
G0793003000026716    2019011620190118826000000004100105300100000070255081069200000000000041000000142000000773939    4                       1         
G0793003000026716    2019011620190118826400000004200105300100000071283081513700000000000042000000142000000783939    4                       1         
G0793003000026716    2019011620190118826600000004950105300100000003590006742300000000000049500000142000000793863    4                       1         
G0793003000026716    2019011620190118826600000004700105300100000003390006740600000000000047000000142000000803863    4                       1         
G0793003000026716    2019011620190118826300000003700105300100000004140006747100000000000037000000142000000813863    4                       1         
G0793003000026716    2019011620190118826000000003100105300100000000020006709000000000000031000000142000000823863    4                       1         
G0793003000026716    2019011620190118826600000004950105320190105003590006742300100000000049500000142000000833863    4                       1         
G0793003000026716    2019011620190118826500000004200105320190115000032018002700100000000042000000142000000841141    4                       1         
G0793003000026716    2019011620190118826800000010850105320190115000162018013500100000000108500000142000000851141    4                       1         
G0793003000026716    2019011620190118826400000010000105320190103000752002545700100000000100000000142000000861116    4                       1         
G0793003000026716    2019011620190118826400000007800105320190204000374002571300100000000078000000142000000871116    4                       1         
G0793003000026716    2019011620190118826300000004200105320190115000316018026300100000000042000000142000000881141    4                       1         
G0793003000026716    2019011620190118826600000004150105320190103000270002516100100000000041500000142000000891116    4                       1         
G0793003000026716    2019011620190118826600000004150105320190103000089002504800100000000041500000142000000901116    4                       1         
G0793003000026716    2019011620190118826000000004200105320190115000110018009400100000000042000000142000000911141    4                       1         
G0793003000026716    2019011620190118826000000004200105320190115000720018059900100000000042000000142000000921141    4                       1         
G0793003000026716    2019011620190118826800000004150105320190103000560002532900100000000041500000142000000931116    4                       1         
G0793003000026716    2019011620190118826100000004150105320190204000496002577900100000000041500000142000000941116    4                       1         
G0793003000026716    2019011620190118826500000004200105320190115000665018055700100000000042000000142000000951141    4                       1         
G0793003000026716    2019011620190118826900000004200105320190115000374018030600100000000042000000142000000961141    4                       1         
G0793003000026716    2019011620190118826600000004250105320190204000079002554700100000000042500000142000000971116    4                       1         
G0793003000026716    2019011620190118826600000004150105320190204000114002556500100000000041500000142000000981116    4                       1         
G0793003000026716    2019011620190118826900000005350105320190115000683018057100100000000053500000142000000991141    4                       1         
G0793003000026716    2019011620190118826200000004350105320190103002101000514500100000000043500000142000001001141    4                       1         
G0793003000026716    2019011620190118826500000004350105320190103001076000442400100000000043500000142000001011141    4                       1         
G0793003000026716    2019011620190118826500000004300105320190103000402000389500100000000043000000142000001021141    4                       1         
G0793003000026716    2019011620190118826700000006650105320190103000173000371800100000000066500000142000001031141    4                       1         
G0793003000026716    2019011620190118826700000004300105320190103001877000499000100000000043000000142000001041141    4                       1         
G0793003000026716    2019011620190118826700000004200105320181203000155000195500100000000042000000142000001051141    4                       1         
G0793003000026716    2019011620190118826900000004450105320190103001430000466700100000000044500000142000001061141    4                       1         
G0793003000026716    2019011620190118826500000004200105320190103001520000473200100000000042000000142000001071141    4                       1         
G0793003000026716    2019011620190118826800000008600105320181203002136000351800100000000086000000142000001081141    4                       1         
G0793003000026716    2019011620190118826500000004200105320181203001445000298800100000000042000000142000001091141    4                       1         
G0793003000026716    2019011620190118826500000004200105320181203000653000237000100000000042000000142000001101141    4                       1         
G0793003000026716    2019011620190118826400000030350105320190103000840000425100100000000303500000142000001111141    4                       1         
G0793003000026716    2019011620190118826400000016950105320190103000329000383700100000000169500000142000001121141    4                       1         
G0793003000026716    2019011620190118826900000007850105320181203001842000329500100000000078500000142000001131141    4                       1         
G0793003000026716    2019011620190118826900000006550105320181203001163000277900100000000065500000142000001141141    4                       1         
G0793003000026716    2019011620190118826600000005450105320190103001142000447400100000000054500000142000001151141    4                       1         
G0793003000026716    2019011620190118826600000004300105320190103001957000504800100000000043000000142000001161141    4                       1         
G0793003000026716    2019011620190118826600000004200105320181203002212000358100100000000042000000142000001171141    4                       1         
G0793003000026716    2019011620190118826100000004400105320190103001446000467700100000000044000000142000001181141    4                       1         
G0793003000026716    2019011620190118826100000004200105320181203001644000314000100000000042000000142000001191141    4                       1         
G0793003000026716    2019011620190118826000000007250105320181203001226000282800100000000072500000142000001201141    4                       1         
G0793003000026716    2019011620190118826000000005400105320190103001055000440800100000000054000000142000001211141    4                       1         
G0793003000026716    2019011620190118826000000004350105320190103001721000487400100000000043500000142000001221141    4                       1         
G0793003000026716    2019011620190118826000000004300105320190103000910000430000100000000043000000142000001231141    4                       1         
G0793003000026716    2019011620190118826000000004300105320190103000706000414400100000000043000000142000001241141    4                       1         
G0793003000026716    2019011620190118826000000004200105320190103000404000389700100000000042000000142000001251141    4                       1         
G0793003000026716    2019011620190118826600000004200105320190115000013018000900100000000042000000142000001261141    4                       1         
G0793003000026716    2019011620190118826000000004200105320181203002101000349200100000000042000000142000001271141    4                       1         
G0793003000026716    2019011620190118826000000004200105320181203000122000193000100000000042000000142000001281141    4                       1         
G0793003000026716    2019011620190118826300000004200105320181203001278000286700100000000042000000142000001291141    4                       1         
G0793003000026716    2019011620190118826200000001250105320190204000199002561500100000000012500000142000001301116    4                       1         
G0793003000026716    2019011620190118826100000010700105320190204000201002561700100000000107000000142000001311116    4                       1         
G0793003000026716    2019011620190118826300000004200105320181101001142000096100100000000042000000142000001321141    4                       1         
G0793003000026716    2019011620190118826200000016800105320190103000960000434100100000000168000000142000001331141    4                       1         
G0793003000026716    2019011620190118826400000004200105320190115000115018009900100000000042000000142000001341141    4                       1         
G0793003000026716    2019011620190118826800000004200105320190115000616018051300100000000042000000142000001354481    4                       1         
G0793003000026716    2019011620190118826300000004750105320190103000706002542500100000000047500000142000001361116    4                       1         
G0793003000026716    2019011620190118826200000008800105320190103001738000488600100000000088000000142000001371141    4                       1         
G0793003000026716    2019011620190118826200000006700105320190103001907000501300100000000067000000142000001381141    4                       1         
G0793003000026716    2019011620190118826900000004200105320190115000475018039100100000000042000000142000001391141    4                       1         
G0793003000026716    2019011620190118826500000004200105320190115000409018033600100000000042000000142000001401141    4                       1         
G0793003000026716    2019011620190118826200000006550105320190115000290018024000100000000065500000142000001411141    4                       1         
G0793003000026716    2019011620190118826900000008350105320190204000424002574000100000000083500000142000001421116    4                       1         
G0793003000026716    2019011620190118826600000007800105320190204000342002569800100000000078000000142000001431116    4                       1         
G0793003000026716    2019011620190118826000000012600105320190115000121018010500100000000126000000142000001441141    4                       1         
G0793003000026716    2019011620190118826700000004150105320190103000642002538300100000000041500000142000001451116    4                       1         
G0793003000026716    2019011620190118826900000004150105320190103000297002517800100000000041500000142000001461116    4                       1         
G0793003000026716    2019011620190118826400000004200105320190115000511018041900100000000042000000142000001471141    4                       1         
G0793003000026716    2019011620190118826200000005500105320190103001220000452900100000000055000000142000001481141    4                       1         
G0793003000026716    2019011620190118826200000004400105320190103000030000361700100000000044000000142000001491141    4                       1         
G0793003000026716    2019011620190118826200000004300105320190103000808000422600100000000043000000142000001501141    4                       1         
G0793003000026716    2019011620190118826200000004200105320190103001858000497500100000000042000000142000001511141    4                       1         
G0793003000026716    2019011620190118826400000004200105320190115000397018032900100000000042000000142000001521141    4                       1         
G0793003000026716    2019011620190118826300000004200105320190115000288022026100100000000042000000142000001533738    4                       1         
G0793003000026716    2019011620190118826400000004200105320190115000330018027300100000000042000000142000001541141    4                       1         
G0793003000026716    2019011620190118826700000008600105320190115000065022005900100000000086000000142000001553738    4                       1         
G0793003000026716    2019011620190118826700000004200105320190115000531022047400100000000042000000142000001563738    4                       1         
G0793003000026716    2019011620190118826900000004200105320190115000404022036600100000000042000000142000001573738    4                       1         
G0793003000026716    2019011620190118826700000004200105320190115000159022013900100000000042000000142000001583738    4                       1         
G0793003000026716    2019011620190118826700000004200105320190115000066022006000100000000042000000142000001593738    4                       1         
G0793003000026716    2019011620190118826600000005350105320190115000081022007300100000000053500000142000001603738    4                       1         
G0793003000026716    2019011620190118826800000004200105320190115000632022056600100000000042000000142000001613738    4                       1         
G0793003000026716    2019011620190118826800000010850105320190115000118022010500100000000108500000142000001623738    4                       1         
G0793003000026716    2019011620190118826200000004200105320190115000078022007000100000000042000000142000001633738    4                       1         
G0793003000026716    2019011620190118826700000007050105320190204000783002595800100000000070500000142000001641116    4                       1         
G0793003000026716    2019011620190118826700000005300105320190204000300002567800100000000053000000142000001651116    4                       1         
G0793003000026716    2019011620190118826700000004150105320190204000270002565900100000000041500000142000001661116    4                       1         
G0793003000026716    2019011620190118826000000005300105320190103000266002516000100000000053000000142000001671116    4                       1         
G0793003000026716    2019011620190118826000000004200105320190115000773022067800100000000042000000142000001683738    4                       1         
G0793003000026716    2019011620190118826400000004200105320190115000178022015800100000000042000000142000001693738    4                       1         
G0793003000026716    2019011620190118826300000004200105320190115000190022017000100000000042000000142000001703738    4                       1         
G0793003000026716    2019011620190118826300000004150105320190204000675002588800100000000041500000142000001711116    4                       1         
G0793003000026716    2019011620190118826000000004150105320190204000484002577200100000000041500000142000001721116    4                       1         
G0793003000026716    2019011620190118826000000004150105320190204000185002560700100000000041500000142000001731116    4                       1         
G0793003000026716    2019011620190118826700000007100105320190114000117010266200100000000071000000142000001741829    4                       1         
G0793003000026716    2019011620190118826200000004200105320181203001896000333500100000000042000000142000001751141    4                       1         
G0793003000026716    2019011620190118826900000004200105320190114001092010333200100000000042000000142000001761829    4                       1         
G0793003000026716    2019011620190118826900000004200105320190114000157010269300100000000042000000142000001771829    4                       1         
G0793003000026716    2019011620190118826700000004300105320190114000918010323500100000000043000000142000001781829    4                       1         
G0793003000026716    2019011620190118826800000007850105320181213000604010173300100000000078500000142000001791829    4                       1         
G0793003000026716    2019011620190118826800000005950105320190114000735010309900100000000059500000142000001801829    4                       1         
G0793003000026716    2019011620190118826700000004200105320190114000769010312700100000000042000000142000001811829    4                       1         
G0793003000026716    2019011620190118826700000004200105320181213001404010232000100000000042000000142000001821829    4                       1         
G0793003000026716    2019011620190118826700000004200105320181213000505010166000100000000042000000142000001831829    4                       1         
G0793003000026716    2019011620190118826900000004200105320190114000946010325200100000000042000000142000001841829    4                       1         
G0793003000026716    2019011620190118826500000004200105320190114001500010359600100000000042000000142000001851829    4                       1         
G0793003000026716    2019011620190118826500000004200105320190114000756010311600100000000042000000142000001861829    4                       1         
G0793003000026716    2019011620190118826300000004800105320190114000544010295300100000000048000000142000001871829    4                       1         
G0793003000026716    2019011620190118826500000004200105320181213000918010198700100000000042000000142000001881829    4                       1         
G0793003000026716    2019011620190118826500000004200105320190114000316010280600100000000042000000142000001891829    4                       1         
G0793003000026716    2019011620190118826000000004150105320190204000161002559300100000000041500000142000001901116    4                       1         
G0793003000026716    2019011620190118826200000004750105320190204000147002558400100000000047500000142000001911116    4                       1         
G0793003000026716    2019011620190118826200000004150105320190204000069002554100100000000041500000142000001921116    4                       1         
G0793003000026716    2019011620190118826400000004250105320190204000651002587200100000000042500000142000001931116    4                       1         
G0793003000026716    2019011620190118826400000004150105320190204000148002558500100000000041500000142000001941116    4                       1         
G0793003000026716    2019011620190118826500000004200105320181213001485010238400100000000042000000142000001951829    4                       1         
G0793003000026716    2019011620190118826500000004200105320181213001030010206300100000000042000000142000001961829    4                       1         
G0793003000026716    2019011620190118826400000011700105320190114001313010347300100000000117000000142000001971829    4                       1         
G0793003000026716    2019011620190118826400000004900105320190114000845010319100100000000049000000142000001981829    4                       1         
G0793003000026716    2019011620190118826800000005950105320181213000525010167600100000000059500000142000001991829    4                       1         
G0793003000026716    2019011620190118826800000005350105320190114000331010281700100000000053500000142000002001829    4                       1         
G0793003000026716    2019011620190118826400000004500105320190114001265010344200100000000045000000142000002011829    4                       1         
G0793003000026716    2019011620190118826400000004150105320190204000128002557300100000000041500000142000002021116    4                       1         
G0793003000026716    2019011620190118826800000004800105320190114001359010349900100000000048000000142000002031829    4                       1         
G0793003000026716    2019011620190118826400000004150105320190103000728002543900100000000041500000142000002041116    4                       1         
G0793003000026716    2019011620190118826400000004350105320190103001445000467600100000000043500000142000002051141    4                       1         
G0793003000026716    2019011620190118826400000004300105320190103000653000410500100000000043000000142000002061141    4                       1         
G0793003000026716    2019011620190118826400000004300105320190103000192000373200100000000043000000142000002071141    4                       1         
G0793003000026716    2019011620190118826400000004200105320181203001721000319400100000000042000000142000002081141    4                       1         
G0793003000026716    2019011620190118826400000004200105320181101001520000125400100000000042000000142000002091141    4                       1         
G0793003000026716    2019011620190118826400000004200105320181101000122000010000100000000042000000142000002101141    4                       1         
G0793003000026716    2019011620190118826300000009700105320190103002078000512800100000000097000000142000002111141    4                       1         
G0793003000026716    2019011620190118826300000009350105320190103001163000448800100000000093500000142000002121141    4                       1         
G0793003000026716    2019011620190118826300000005500105320190103001898000500500100000000055000000142000002131141    4                       1         
G0793003000026716    2019011620190118826300000004300105320190103001896000500400100000000043000000142000002141141    4                       1         
G0793003000026716    2019011620190118826500000007100105320181213001265010221800100000000071000000142000002151829    4                       1         
G0793003000026716    2019011620190118826500000005950105320190114001209010340400100000000059500000142000002161829    4                       1         
G0793003000026716    2019011620190118826700000010850105320190114001358010349800100000000108500000142000002171829    4                       1         
G0793003000026716    2019011620190118826800000004200105320181213000847010194100100000000042000000142000002181829    4                       1         
G0793003000026716    2019011620190118826800000004200105320181213000664010178100100000000042000000142000002191829    4                       1         
G0793003000026716    2019011620190118826800000004200105320181213000337010154800100000000042000000142000002201829    4                       1         
G0793003000026716    2019011620190118826400000001250105320190204000205002562000100000000012500000142000002211116    4                       1         
G0793003000026716    2019011620190118826200000004350105320190114001448010356100100000000043500000142000002221829    4                       1         
G0793003000026716    2019011620190118826100000006650105320190114000196010272100100000000066500000142000002231829    4                       1         
G0793003000026716    2019011620190118826200000005550105320190114000704010307400100000000055500000142000002241829    4                       1         
G0793003000026716    2019011620190118826100000004800105320181213001186010216200100000000048000000142000002251829    4                       1         
G0793003000026716    2019011620190118826300000001300105320190114000719010308500100000000013000000142000002261829    4                       1         
G0793003000026716    2019011620190118826200000004200105320190114001553010362800100000000042000000142000002271829    4                       1         
G0793003000026716    2019011620190118826100000004200105320190114000841010318800100000000042000000142000002281829    4                       1         
G0793003000026716    2019011620190118826300000004200105320190121000779014246500100000000042000000142000002293089    4                       1         
G0793003000026716    2019011620190118826500000004200105320190121000703014240300100000000042000000142000002303089    4                       1         
G0793003000026716    2019011620190118826700000008000105320181221000363014122900100000000080000000142000002313089    4                       1         
G0793003000026716    2019011620190118826700000004300105320190121000760014244900100000000043000000142000002323089    4                       1         
G0793003000026716    2019011620190118826200000001400105320190121000597014230200100000000014000000142000002333089    4                       1         
G0793003000026716    2019011620190118826700000004200105320190121000688014238800100000000042000000142000002343089    4                       1         
G0793003000026716    2019011620190118826700000004200105320190121000425014214600100000000042000000142000002353089    4                       1         
G0793003000026716    2019011620190118826900000004200105320190121000487014220400100000000042000000142000002363089    4                       1         
G0793003000026716    2019011620190118826900000004200105320190121000250014199000100000000042000000142000002373089    4                       1         
G0793003000026716    2019011620190118826800000004350105320190114001589010365200100000000043500000142000002381829    4                       1         
G0793003000026716    2019011620190118826800000004300105320190114000307010280000100000000043000000142000002391829    4                       1         
G0793003000026716    2019011620190118826900000005950105320190114001737010374200100000000059500000142000002401829    4                       1         
G0793003000026716    2019011620190118826900000005950105320181213000227010146900100000000059500000142000002411829    4                       1         
G0793003000026716    2019011620190118826900000004200105320181221000688014153200100000000042000000142000002423089    4                       1         
G0793003000026716    2019011620190118826900000004200105320181121000688014065100100000000042000000142000002433089    4                       1         
G0793003000026716    2019011620190118826900000004200105320181121000150014014600100000000042000000142000002443089    4                       1         
G0793003000026716    2019011620190118826500000004200105320181221000201014107600100000000042000000142000002453089    4                       1         
G0793003000026716    2019011620190118826800000006050105320190121000473014219200100000000060500000142000002463089    4                       1         
G0793003000026716    2019011620190118826800000005400105320190121000752014244200100000000054000000142000002473089    4                       1         
G0793003000026716    2019011620190118826900000010850105320190121000338014206800100000000108500000142000002483089    4                       1         
G0793003000026716    2019011620190118826800000004200105320181221000534014139000100000000042000000142000002493089    4                       1         
G0793003000026716    2019011620190118826700000001300105320190121000599014230400100000000013000000142000002503089    4                       1         
G0793003000026716    2019011620190118826500000014400105320181213000028010131900100000000144000000142000002511829    4                       1         
G0793003000026716    2019011620190118826000000007850105320190114000306010279900100000000078500000142000002521829    4                       1         
G0793003000026716    2019011620190118826600000004300105320190121000883014254900100000000043000000142000002533089    4                       1         
G0793003000026716    2019011620190118826100000007100105320181221000214014108700100000000071000000142000002543089    4                       1         
G0793003000026716    2019011620190118826100000004200105320190121000809014249200100000000042000000142000002553089    4                       1         
G0793003000026716    2019011620190118826600000001300105320181221000419014128000100000000013000000142000002563089    4                       1         
G0793003000026716    2019011620190118826300000004200105320190114000491010291900100000000042000000142000002571829    4                       1         
G0793003000026716    2019011620190118826100000001300105320181221000519014137600100000000013000000142000002583089    4                       1         
G0793003000026716    2019011620190118826000000004200105320190121000256014199600100000000042000000142000002593089    4                       1         
G0793003000026716    2019011620190118826000000004200105320190121000065014182600100000000042000000142000002603089    4                       1         
G0793003000026716    2019011620190118826200000008600105320190121000555014226600100000000086000000142000002613089    4                       1         
G0793003000026716    2019011620190118826200000005350105320181221000515014137300100000000053500000142000002623089    4                       1         
G0793003000026716    2019011620190118826000000006550105320181213000704010181400100000000065500000142000002631829    4                       1         
G0793003000026716    2019011620190118826000000004200105320181213001591010245700100000000042000000142000002641829    4                       1         
G0793003000026716    2019011620190118826000000004200105320181114001654010121400100000000042000000142000002651829    4                       1         
G0793003000026716    2019011620190118826000000004200105320190114001751010375200100000000042000000142000002661829    4                       1         
G0793003000026716    2019011620190118826000000004200105320190114001727010373800100000000042000000142000002671829    4                       1         
G0793003000026716    2019011620190118826000000004200105320190114001390010352400100000000042000000142000002681829    4                       1         
G0793003000026716    2019011620190118826900000004800105320181213000606010173500100000000048000000142000002691829    4                       1         
G0793003000026716    2019011620190118826900000004800105320181213000196010144600100000000048000000142000002701829    4                       1         
G0793003000026716    2019011620190118826800000004200105320181213001589010245500100000000042000000142000002711829    4                       1         
G0793003000026716    2019011620190118826800000004200105320181213001465010237000100000000042000000142000002721829    4                       1         
G0793003000026716    2019011620190118826800000004200105320181213001266010221900100000000042000000142000002731829    4                       1         
G0793003000026716    2019011620190118826600000004400105320181213001313010225400100000000044000000142000002741829    4                       1         
G0793003000026716    2019011620190118826600000004200105320190114000752010311300100000000042000000142000002751829    4                       1         
G0793003000026716    2019011620190118826600000004200105320190114000712010308000100000000042000000142000002761829    4                       1         
G0793003000026716    2019011620190118826600000004200105320181213001552010242900100000000042000000142000002771829    4                       1         
G0793003000026716    2019011620190118826600000004200105320181213000850010194400100000000042000000142000002781829    4                       1         
G0793003000026716    2019011620190118826600000004200105320181213000747010185300100000000042000000142000002791829    4                       1         
G0793003000026716    2019011620190118826600000004200105320181213000712010182000100000000042000000142000002801829    4                       1         
G0793003000026716    2019011620190118826000000004200105320190114000651010303200100000000042000000142000002811829    4                       1         
G0793003000026716    2019011620190118826000000004200105320181213001751010256800100000000042000000142000002821829    4                       1         
G0793003000026716    2019011620190118826300000004200105320190114000203010272500100000000042000000142000002831829    4                       1         
G0793003000026716    2019011620190118826300000004200105320181213001553010243000100000000042000000142000002841829    4                       1         
G0793003000026716    2019011620190118826100000004200105320181213000769010187100100000000042000000142000002851829    4                       1         
G0793003000026716    2019011620190118826100000004200105320181213000544010168800100000000042000000142000002861829    4                       1         
G0793003000026716    2019011620190118826200000004200105320190121000343014207300100000000042000000142000002873089    4                       1         
G0793003000026716    2019011620190118826400000004200105320190121000426014214700100000000042000000142000002883089    4                       1         
G0793003000026716    2019011620190118826300000005700105320190121000850014252300100000000057000000142000002893089    4                       1         
G0793003000026716    2019011620190118826300000004800105320181221000285014115400100000000048000000142000002903089    4                       1         
G0793003000026716    2019011620190118826000000004900105320190121000263014200200100000000049000000142000002914699    4                       1         
G0793003000026716    2019011620190118826200000004300105320190114001381010351800100000000043000000142000002921829    4                       1         
G0793003000026716    2019011620190118826000000010850105320181221000022014090200100000000108500000142000002934065    4                       1         
G0793003000026716    2019011620190118826700000006150105320190105005656006769100100000000061500000142000002944065    4                       1         
G0793003000026716    2019011620190118826400000010850105320181213000305010152500100000000108500000142000002954065    4                       1         
G0793003000026716    2019011620190118826600000006250105320181105005656006626200100000000062500000142000002964065    4                       1         
G0793003000026716    2019011620190118826100000006150105320181205005656006697600100000000061500000142000002974065    4                       1         
G0793003000026716    2019011620190118826200000011150105320190114000305010279800100000000111500000142000002984065    4                       1         
G0793003000026716    2019011620190118826800000003850105320181107000191000018600100000000038500000142000002994481    4                       1         
G0793003000026716    2019011620190118826700000003850105320181206001074095617900100000000038500000142000003004481    4                       1         
G0793003000026716    2019011620190118826900000003850105320181206000797095590300100000000038500000142000003014481    4                       1         
G0793003000026716    2019011620190118826900000003850105320181107000023000002200100000000038500000142000003024481    4                       1         
G0793003000026716    2019011620190118826500000003850105320181206000059095519500100000000038500000142000003034481    4                       1         
G0793003000026716    2019011620190118826500000003850105320181107000600000059500100000000038500000142000003044481    4                       1         
G0793003000026716    2019011620190118826500000003850105320181107000543000053800100000000038500000142000003054481    4                       1         
G0793003000026716    2019011620190118826500000003850105320181107000077000007400100000000038500000142000003064481    4                       1         
G0793003000026716    2019011620190118826500000003850105320181107000060000005900100000000038500000142000003074481    4                       1         
G0793003000026716    2019011620190118826700000003850105320181206000473095558900100000000038500000142000003084481    4                       1         
G0793003000026716    2019011620190118826200000004200105320190114001427010354500100000000042000000142000003091829    4                       1         
G0793003000026716    2019011620190118826400000018450105320181105005624006624000100000000184500000142000003103863    4                       1         
G0793003000026716    2019011620190118826200000004200105320190114000850010319600100000000042000000142000003111829    4                       1         
G0793003000026716    2019011620190118826200000004200105320190114000587010298400100000000042000000142000003121829    4                       1         
G0793003000026716    2019011620190118826400000004200105320190114001330010348200100000000042000000142000003131829    4                       1         
G0793003000026716    2019011620190118826400000004200105320190114000269010277300100000000042000000142000003141829    4                       1         
G0793003000026716    2019011620190118826400000004200105320181213000961010201800100000000042000000142000003151829    4                       1         
G0793003000026716    2019011620190118826900000004700105320181205002850006663300100000000047000000142000003163863    4                       1         
G0793003000026716    2019011620190118826300000004350105320190114000847010319300100000000043500000142000003171829    4                       1         
G0793003000026716    2019011620190118826700000003850105320181206000403095552000100000000038500000142000003184481    4                       1         
G0793003000026716    2019011620190118826700000003850105320181107000048000004700100000000038500000142000003194481    4                       1         
G0793003000026716    2019011620190118826600000003850105320181206000783095588900100000000038500000142000003204481    4                       1         
G0793003000026716    2019011620190118826600000003850105320181206000431095554700100000000038500000142000003214481    4                       1         
G0793003000026716    2019011620190118826600000003850105320181107000168000016300100000000038500000142000003224481    4                       1         
G0793003000026716    2019011620190118826200000003850105320181107000004000000300100000000038500000142000003234481    4                       1         
G0793003000026716    2019011620190118826100000003850105320181206000600095571200100000000038500000142000003244481    4                       1         
G0793003000026716    2019011620190118826300000003850105320181206000069095520400100000000038500000142000003254481    4                       1         
G0793003000026716    2019011620190118826300000003850105320181107000058000005700100000000038500000142000003264481    4                       1         
G0793003000026716    2019011620190118826200000003850105320181107000068000006600100000000038500000142000003274481    4                       1         
G0793003000026716    2019011620190118826200000003850105320181107000065000006300100000000038500000142000003284481    4                       1         
G0793003000026716    2019011620190118826000000003850105320181107000059000005800100000000038500000142000003294481    4                       1         
G0793003000026716    2019011620190118826500000004400105320190103001512000472600100000000044000000142000003302525    4                       1         
G0793003000026716    2019011620190118826800000001300105320181221000900014170500100000000013000000142000003313089    4                       1         
G0793003000026716    2019011620190118826600000001300105320190121000900014256100100000000013000000142000003323089    4                       1         
Z00033400000000001674679                                                                                                                              
