A2201053              HIDROFORTETOCANTINS 104CAIXA ECON. FEDERAL 2019011800153303                                                                     
G0793003000026716    2019011720190118826500000004700105300100000000780006715900000000000047000000142000000013863    3                       1         
G0793003000026716    2019011720190118826800000009350105320190121000427014214800100000000093500000142000000023089    3                       1         
G0793003000026716    2019011720190118826700000005650105320190121000218014196400100000000056500000142000000033089    3                       1         
G0793003000026716    2019011720190121826700000009850105300100000060972002529500000000000098500000142000000042458    4                       1         
G0793003000026716    2019011720190121826600000004050105300100000070116020262000000000000040500000142000000051829    4                       1         
G0793003000026716    2019011720190121826400000003950105300100000060653002500700000000000039500000142000000063738    4                       1         
G0793003000026716    2019011720190121826600000004800105300100000070411020254700000000000048000000142000000071829    4                       1         
G0793003000026716    2019011720190121826800000004600105300100000070028020256400000000000046000000142000000081829    4                       1         
G0793003000026716    2019011720190121826900000008700105300100000070228020242100000000000087000000142000000091829    4                       1         
G0793003000026716    2019011720190121826200000004050105300100000070278020272300000000000040500000142000000101829    4                       1         
G0793003000026716    2019011720190121826200000002950105300100000070331020249300000000000029500000142000000111829    4                       1         
G0793003000026716    2019011720190121826400000004150105300100000070182020239000000000000041500000142000000121829    4                       1         
G0793003000026716    2019011720190121826000000004050105300100000070198020267100000000000040500000142000000131829    4                       1         
G0793003000026716    2019011720190121826300000004050105300100000070008020255600000000000040500000142000000141829    4                       1         
G0793003000026716    2019011720190121826000000004050105300100000070333020276800000000000040500000142000000151829    4                       1         
G0793003000026716    2019011720190121826900000004100105300100000070486080538500000000000041000000142000000163939    4                       1         
G0793003000026716    2019011720190121826400000011150105300100000070486080035400000000000111500000142000000173939    4                       1         
G0793003000026716    2019011720190121826000000010500105300100000070486080214200000000000105000000142000000183939    4                       1         
G0793003000026716    2019011720190121826000000008350105300100000070658081454400000000000083500000142000000193939    4                       1         
G0793003000026716    2019011720190121826800000003500105300100000005628006767100000000000035000000142000000203863    4                       1         
G0793003000026716    2019011720190121826800000004150105300100000070380035655900000000000041500000142000000211829    4                       1         
G0793003000026716    2019011720190121826900000004200105300100000070119035637900000000000042000000142000000221829    4                       1         
G0793003000026716    2019011720190121826000000001300105300100000070583035670400000000000013000000142000000231829    4                       1         
G0793003000026716    2019011720190121826800000001250105300100000070203020267500000000000012500000142000000241829    4                       1         
G0793003000026716    2019011720190121826800000003850105300100000060881002417400000000000038500000142000000253738    4                       1         
G0793003000026716    2019011720190121826800000003100105300100000005643006696600000000000031000000142000000263863    4                       1         
G0793003000026716    2019011720190121826000000004300105300100000070348035653900000000000043000000142000000271829    4                       1         
G0793003000026716    2019011720190121826600000004850105300100000001770006725200000000000048500000142000000283863    4                       1         
G0793003000026716    2019011720190121826400000004800105300100000002540006660500000000000048000000142000000293863    4                       1         
G0793003000026716    2019011720190121826100000007950105300100000070829035688500000000000079500000142000000301829    4                       1         
G0793003000026716    2019011720190121826500000004200105300100000070934035695700000000000042000000142000000311829    4                       1         
G0793003000026716    2019011720190121826100000003200105300100000003630006742600000000000032000000142000000323863    4                       1         
G0793003000026716    2019011720190121826000000005550105300100000003290006739500000000000055500000142000000333863    4                       1         
G0793003000026716    2019011720190121826200000004150105300100000071390081524200000000000041500000142000000343939    4                       1         
G0793003000026716    2019011720190121826800000003450105300100000071118081498000000000000034500000142000000353939    4                       1         
G0793003000026716    2019011720190121826900000005500105300100000061206002446800000000000055000000142000000363738    4                       1         
G0793003000026716    2019011720190121826900000003800105300100000061033002535000000000000038000000142000000373738    4                       1         
G0793003000026716    2019011720190121826800000009200105300100000060270002468900000000000092000000142000000383738    4                       1         
G0793003000026716    2019011720190121826600000006500105300100000060059002459100000000000065000000142000000393738    4                       1         
G0793003000026716    2019011720190121826900000003850105300100000060875002520900000000000038500000142000000403738    4                       1         
G0793003000026716    2019011720190121826000000018600105300100000060910002524100000000000186000000142000000413738    4                       1         
G0793003000026716    2019011720190121826600000001200105300100000060895002522800000000000012000000142000000423738    4                       1         
G0793003000026716    2019011720190121826500000003850105300100000060051002458700000000000038500000142000000433738    4                       1         
G0793003000026716    2019011720190121826500000006050105300100000061206002549900000000000060500000142000000443738    4                       1         
G0793003000026716    2019011720190121826700000004200105300100000071790081561900000000000042000000142000000453939    4                       1         
G0793003000026716    2019011720190121826000000006500105300100000070412081431300000000000065000000142000000463939    4                       1         
G0793003000026716    2019011720190121826000000004300105300100000071472081531800000000000043000000142000000473939    4                       1         
G0793003000026716    2019011720190121826600000001300105300100000071018081488500000000000013000000142000000483939    4                       1         
G0793003000026716    2019011720190121826300000004200105300100000070721081460500000000000042000000142000000493939    4                       1         
G0793003000026716    2019011720190121826300000004150105300100000070520081440900000000000041500000142000000503939    4                       1         
G0793003000026716    2019011720190121826200000010850105320190103001226000453400100000000108500000142000000511141    4                       1         
G0793003000026716    2019011720190121826800000008600105320181203000791000248200100000000086000000142000000521141    4                       1         
G0793003000026716    2019011720190121826200000004300105320190103000175000371900100000000043000000142000000531141    4                       1         
G0793003000026716    2019011720190121826600000004300105320181213001548010242700100000000043000000142000000541829    4                       1         
G0793003000026716    2019011720190121826800000004200105320181203001586000309000100000000042000000142000000551141    4                       1         
G0793003000026716    2019011720190121826600000004200105320190114001548010362500100000000042000000142000000561829    4                       1         
G0793003000026716    2019011720190121826200000004200105320190103000021000360900100000000042000000142000000571141    4                       1         
G0793003000026716    2019011720190121826400000004300105320190103000411000390400100000000043000000142000000581141    4                       1         
G0793003000026716    2019011720190121826200000023800105320181203001876000332000100000000238000000142000000591141    4                       1         
G0793003000026716    2019011720190121826300000004200105320190115000047018003900100000000042000000142000000601141    4                       1         
G0793003000026716    2019011720190121826700000006700105320190103001701000485900100000000067000000142000000611141    4                       1         
G0793003000026716    2019011720190121826700000004300105320190103000391000388600100000000043000000142000000621141    4                       1         
G0793003000026716    2019011720190121826600000004200105320181213001021010205800100000000042000000142000000631829    4                       1         
G0793003000026716    2019011720190121826600000004200105320181213000047010133300100000000042000000142000000641829    4                       1         
G0793003000026716    2019011720190121826500000007950105320181213001617010247600100000000079500000142000000651829    4                       1         
G0793003000026716    2019011720190121826500000005950105320190114001617010367100100000000059500000142000000661829    4                       1         
G0793003000026716    2019011720190121826400000004200105320190114000341010282500100000000042000000142000000671829    4                       1         
G0793003000026716    2019011720190121826100000004200105320190114000610010300300100000000042000000142000000681829    4                       1         
G0793003000026716    2019011720190121826100000004200105320181213001514010240600100000000042000000142000000691829    4                       1         
G0793003000026716    2019011720190121826200000004200105320181203000105000191500100000000042000000142000000701141    4                       1         
G0793003000026716    2019011720190121826000000005950105320181213000610010173900100000000059500000142000000711829    4                       1         
G0793003000026716    2019011720190121826300000009550105320190103000268000379200100000000095500000142000000721141    4                       1         
G0793003000026716    2019011720190121826700000004200105320181203000338000210100100000000042000000142000000731141    4                       1         
G0793003000026716    2019011720190121826500000005950105320181203000547000228000100000000059500000142000000741141    4                       1         
G0793003000026716    2019011720190121826500000005550105320190103002022000509300100000000055500000142000000751141    4                       1         
G0793003000026716    2019011720190121826100000004300105320181203001507000303400100000000043000000142000000761141    4                       1         
G0793003000026716    2019011720190121826300000004350105320190103000105000366900100000000043500000142000000771141    4                       1         
G0793003000026716    2019011720190121826000000004300105320190103001546000474800100000000043000000142000000781141    4                       1         
G0793003000026716    2019011720190121826800000006550105320181203001541000305900100000000065500000142000000791141    4                       1         
G0793003000026716    2019011720190121826800000004200105320190115000528022047100100000000042000000142000000803738    4                       1         
G0793003000026716    2019011720190121826100000004200105320190115000662022059000100000000042000000142000000813738    4                       1         
G0793003000026716    2019011720190121826400000004200105320190115000087022007800100000000042000000142000000823738    4                       1         
G0793003000026716    2019011720190121826300000004200105320190115000836022071600100000000042000000142000000833738    4                       1         
G0793003000026716    2019011720190121826400000004200105320181221000566014142000100000000042000000142000000843089    4                       1         
G0793003000026716    2019011720190121826400000004200105320181121000331014031900100000000042000000142000000853089    4                       1         
G0793003000026716    2019011720190121826300000001300105320181221000331014119900100000000013000000142000000863089    4                       1         
G0793003000026716    2019011720190121826200000006800105320190121000442014216200100000000068000000142000000873089    4                       1         
G0793003000026716    2019011720190121826200000004200105320190121000624014232700100000000042000000142000000883089    4                       1         
G0793003000026716    2019011720190121826100000004200105320190121000701014240100100000000042000000142000000893089    4                       1         
G0793003000026716    2019011720190121826100000004200105320181221000635014148200100000000042000000142000000903089    4                       1         
G0793003000026716    2019011720190121826300000013500105320181221000660014150600100000000135000000142000000913089    4                       1         
G0793003000026716    2019011720190121826300000004800105320190121000072014183200100000000048000000142000000923089    4                       1         
G0793003000026716    2019011720190121826800000005350105320190121000649014235100100000000053500000142000000933089    4                       1         
G0793003000026716    2019011720190121826800000004200105320190121000702014240200100000000042000000142000000943089    4                       1         
G0793003000026716    2019011720190121826800000004200105320190121000273014201000100000000042000000142000000953089    4                       1         
G0793003000026716    2019011720190121826800000004200105320190121000107014186500100000000042000000142000000963089    4                       1         
G0793003000026716    2019011720190121826700000004400105320190121000879014254600100000000044000000142000000973089    4                       1         
G0793003000026716    2019011720190121826700000004300105320190121000117014187400100000000043000000142000000983089    4                       1         
G0793003000026716    2019011720190121826000000004200105320190121000628014233100100000000042000000142000000993089    4                       1         
G0793003000026716    2019011720190121826400000004200105320190115000169022014900100000000042000000142000001003738    4                       1         
G0793003000026716    2019011720190121826900000008450105320190115000068022006200100000000084500000142000001013738    4                       1         
G0793003000026716    2019011720190121826800000004200105320190115000204022018400100000000042000000142000001023738    4                       1         
G0793003000026716    2019011720190121826200000004200105320190115000766022067200100000000042000000142000001033738    4                       1         
G0793003000026716    2019011720190121826900000004200105320190115000388022035200100000000042000000142000001043738    4                       1         
G0793003000026716    2019011720190121826800000004200105320190115000764022067000100000000042000000142000001053738    4                       1         
G0793003000026716    2019011720190121826800000017750105320190103000530000400700100000000177500000142000001061141    4                       1         
G0793003000026716    2019011720190121826900000004200105320190115000094018008000100000000042000000142000001071141    4                       1         
G0793003000026716    2019011720190121826700000005950105320190115000513022046000100000000059500000142000001083738    4                       1         
G0793003000026716    2019011720190121826900000004200105320190115000222018018600100000000042000000142000001091141    4                       1         
G0793003000026716    2019011720190121826300000008450105320181213001203010217200100000000084500000142000001101829    4                       1         
G0793003000026716    2019011720190121826600000004200105320190115000476018039200100000000042000000142000001111141    4                       1         
G0793003000026716    2019011720190121826700000007850105320190114000028010260000100000000078500000142000001121829    4                       1         
G0793003000026716    2019011720190121826300000004200105320190114001166010337800100000000042000000142000001131829    4                       1         
G0793003000026716    2019011720190121826700000007850105320181203002036000344400100000000078500000142000001141141    4                       1         
G0793003000026716    2019011720190121826000000004200105320181213001403010231900100000000042000000142000001151829    4                       1         
G0793003000026716    2019011720190121826700000004200105320190103000107000526100100000000042000000142000001161141    4                       1         
G0793003000026716    2019011720190121826500000004300105320190103001835000495800100000000043000000142000001171141    4                       1         
G0793003000026716    2019011720190121826500000004300105320190103001266000456100100000000043000000142000001181141    4                       1         
G0793003000026716    2019011720190121826800000004200105320181203002221000358900100000000042000000142000001191141    4                       1         
G0793003000026716    2019011720190121826600000011700105320181203000268000204700100000000117000000142000001201141    4                       1         
G0793003000026716    2019011720190121826600000004300105320190103002219000523300100000000043000000142000001211141    4                       1         
G0793003000026716    2019011720190121826900000005950105320181203002022000343300100000000059500000142000001221141    4                       1         
G0793003000026716    2019011720190121826600000004200105320181203002219000358700100000000042000000142000001231141    4                       1         
G0793003000026716    2019011720190121826400000010100105320181203000421000217200100000000101000000142000001241141    4                       1         
G0793003000026716    2019011720190121826900000005650105320190103002036000510100100000000056500000142000001251141    4                       1         
G0793003000026716    2019011720190121826900000005600105320190103000547000402000100000000056000000142000001261141    4                       1         
G0793003000026716    2019011720190121826700000004300105320190114001156010337200100000000043000000142000001271829    4                       1         
G0793003000026716    2019011720190121826500000003850105320181107000156000015100100000000038500000142000001284481    4                       1         
G0793003000026716    2019011720190121826600000004200105320190115000489022043700100000000042000000142000001293738    4                       1         
G0793003000026716    2019011720190121826700000003850105320181107001121000111600100000000038500000142000001304481    4                       1         
G0793003000026716    2019011720190121826600000003850105320181206000422095553800100000000038500000142000001314481    4                       1         
G0793003000026716    2019011720190121826600000003850105320181107000112000010900100000000038500000142000001324481    4                       1         
G0793003000026716    2019011720190121826500000003850105320181206000840095594600100000000038500000142000001334481    4                       1         
G0793003000026716    2019011720190121826500000003850105320181107000840000083500100000000038500000142000001344481    4                       1         
G0793003000026716    2019011720190121826500000003850105320181107000156000015100100000000038500000142000001354481    4                       1         
G0793003000026716    2019011720190121826300000003850105320181107001078000107300100000000038500000142000001364481    4                       1         
G0793003000026716    2019011720190121826200000003850105320181206000931095603700100000000038500000142000001374481    4                       1         
G0793003000026716    2019011720190121826200000003850105320181206000922095602800100000000038500000142000001384481    4                       1         
G0793003000026716    2019011720190121826200000003850105320181206000347095546600100000000038500000142000001394481    4                       1         
G0793003000026716    2019011720190121826200000003850105320181107000931000092600100000000038500000142000001404481    4                       1         
G0793003000026716    2019011720190121826200000003850105320181107000922000091700100000000038500000142000001414481    4                       1         
G0793003000026716    2019011720190121826200000003850105320181107000391000038600100000000038500000142000001424481    4                       1         
G0793003000026716    2019011720190121826100000003850105320181206000466095558200100000000038500000142000001434481    4                       1         
G0793003000026716    2019011720190121826100000003850105320181107000093000009000100000000038500000142000001444481    4                       1         
G0793003000026716    2019011720190121826100000003850105320181107000078000007500100000000038500000142000001454481    4                       1         
G0793003000026716    2019011720190121826400000003850105320181107000379000037400100000000038500000142000001464481    4                       1         
G0793003000026716    2019011720190121826900000003850105320181206000872095597800100000000038500000142000001474481    4                       1         
G0793003000026716    2019011720190121826900000003850105320181206000622095573400100000000038500000142000001484481    4                       1         
G0793003000026716    2019011720190121826900000003850105320181206000002095514000100000000038500000142000001494481    4                       1         
G0793003000026716    2019011720190121826900000003850105320181107000872000086700100000000038500000142000001504481    4                       1         
G0793003000026716    2019011720190121826900000003850105320181107000209000020400100000000038500000142000001514481    4                       1         
G0793003000026716    2019011720190121826300000003850105320181206000250095537400100000000038500000142000001524481    4                       1         
G0793003000026716    2019011720190121826000000003850105320181107000347000034200100000000038500000142000001534481    4                       1         
G0793003000026716    2019011720190121826000000003850105320181107000139000013500100000000038500000142000001544481    4                       1         
G0793003000026716    2019011720190121826600000013950105320190114001250010343300100000000139500000142000001551829    4                       1         
G0793003000026716    2019011720190121826600000004200105320190114000947010325300100000000042000000142000001561829    4                       1         
G0793003000026716    2019011720190121826900000004200105320190114000333010281800100000000042000000142000001571829    4                       1         
G0793003000026716    2019011720190121826600000004200105320190115000175018014800100000000042000000142000001581141    4                       1         
G0793003000026716    2019011720190121826400000004200105320190115000542018044900100000000042000000142000001591141    4                       1         
G0793003000026716    2019011720190121826100000004200105320190115000235018019700100000000042000000142000001601141    4                       1         
G0793003000026716    2019011720190121826000000008450105320190115000155018012800100000000084500000142000001611141    4                       1         
G0793003000026716    2019011720190121826800000004200105320190115000487018039900100000000042000000142000001621141    4                       1         
G0793003000026716    2019011720190121826300000004200105320190115000054018004400100000000042000000142000001631141    4                       1         
G0793003000026716    2019011720190121826700000004150105320190204000150002558600100000000041500000142000001641116    4                       1         
G0793003000026716    2019011720190121826700000004150105320190204000046002553300100000000041500000142000001651116    4                       1         
G0793003000026716    2019011720190121826600000004250105320190204000346002570100100000000042500000142000001661116    4                       1         
G0793003000026716    2019011720190121826900000004150105320190103000791002548500100000000041500000142000001671116    4                       1         
G0793003000026716    2019011720190121826600000004150105320190204000155002558900100000000041500000142000001681116    4                       1         
G0793003000026716    2019011720190121826600000004150105320190204000035002552500100000000041500000142000001691116    4                       1         
G0793003000026716    2019011720190121826500000008500105320190103000348002520600100000000085000000142000001701116    4                       1         
G0793003000026716    2019011720190121826500000004150105320190204000402002572600100000000041500000142000001711116    4                       1         
G0793003000026716    2019011720190121826700000005900105320190204000042002553000100000000059000000142000001721116    4                       1         
G0793003000026716    2019011720190121826500000004150105320190204000287002567000100000000041500000142000001731116    4                       1         
G0793003000026716    2019011720190121826500000004150105320190204000244002564700100000000041500000142000001741116    4                       1         
G0793003000026716    2019011720190121826500000004150105320190103000731002544100100000000041500000142000001751116    4                       1         
G0793003000026716    2019011720190121826400000009250105320190204000228002563700100000000092500000142000001761116    4                       1         
G0793003000026716    2019011720190121826400000004150105320190204000812002598400100000000041500000142000001771116    4                       1         
G0793003000026716    2019011720190121826400000004150105320190103000761002546200100000000041500000142000001781116    4                       1         
G0793003000026716    2019011720190121826400000004150105320190103000349002520700100000000041500000142000001791116    4                       1         
G0793003000026716    2019011720190121826200000004150105320190204000649002587100100000000041500000142000001801116    4                       1         
G0793003000026716    2019011720190121826100000008350105320190204000219002563000100000000083500000142000001811116    4                       1         
G0793003000026716    2019011720190121826400000001250105320190204000536002580400100000000012500000142000001821116    4                       1         
G0793003000026716    2019011720190121826900000004150105320190103000427002525000100000000041500000142000001831116    4                       1         
G0793003000026716    2019011720190121826900000004150105320190103000155002508900100000000041500000142000001841116    4                       1         
G0793003000026716    2019011720190121826700000004200105320190121000794014247800100000000042000000142000001853089    4                       1         
G0793003000026716    2019011720190121826700000004200105320190121000697014239700100000000042000000142000001863089    4                       1         
G0793003000026716    2019011720190121826700000001300105320181221000851014166800100000000013000000142000001873089    4                       1         
G0793003000026716    2019011720190121826600000010850105320190121000764014245300100000000108500000142000001883089    4                       1         
G0793003000026716    2019011720190121826900000005350105320190121000504014222000100000000053500000142000001893089    4                       1         
G0793003000026716    2019011720190121826900000004300105320181221000754014158800100000000043000000142000001903089    4                       1         
G0793003000026716    2019011720190121826900000004200105320190121000575014228600100000000042000000142000001913089    4                       1         
G0793003000026716    2019011720190121826900000004200105320190121000075014183500100000000042000000142000001923089    4                       1         
G0793003000026716    2019011720190121826500000004200105320181221000812014163700100000000042000000142000001933089    4                       1         
G0793003000026716    2019011720190121826400000004300105320190121000592014229700100000000043000000142000001943089    4                       1         
G0793003000026716    2019011720190121826400000004200105320190121000700014240000100000000042000000142000001953089    4                       1         
Z00019700000000001003100                                                                                                                              
