A2201053              HIDROFORTETOCANTINS 104CAIXA ECON. FEDERAL 2019011900153403                                                                     
G0793003000026716    2019011820190121826900000008600105300100000070851035690100000000000086000000142000000010946    3                       1         
G0793003000026716    2019011820190121826300000004100105300100000070879035691900000000000041000000142000000021829    3                       1         
G0793003000026716    2019011820190121826800000004150105320181224070382020252500100000000041500000142000000031829    3                       1         
G0793003000026716    2019011820190122826500000003750105300100000060944002527200000000000037500000142000000040008    4                       1         
G0793003000026716    2019011820190122826700000009300105300100000070714081459800000000000093000000142000000053939    4                       1         
G0793003000026716    2019011820190122826900000006500105300100000070727081461000000000000065000000142000000063939    4                       1         
G0793003000026716    2019011820190122826300000004100105300100000070101035637300000000000041000000142000000071829    4                       1         
G0793003000026716    2019011820190122826200000007800105300100000070538081442700000000000078000000142000000083939    4                       1         
G0793003000026716    2019011820190122826900000004100105300100000070047081412100000000000041000000142000000093939    4                       1         
G0793003000026716    2019011820190122826100000010000105300100000070315020248500000000000100000000142000000101829    4                       1         
G0793003000026716    2019011820190122826700000001250105300100000070384020279900000000000012500000142000000111829    4                       1         
G0793003000026716    2019011820190122826800000001250105300100000071768081559700000000000012500000142000000123939    4                       1         
G0793003000026716    2019011820190122826000000004250105300100000070274020244700000000000042500000142000000131829    4                       1         
G0793003000026716    2019011820190122826100000005250105300100000070071020232000000000000052500000142000000141829    4                       1         
G0793003000026716    2019011820190122826900000007550105300100000070208020267900000000000075500000142000000151829    4                       1         
G0793003000026716    2019011820190122826200000001400105300100000070104020261100000000000014000000142000000161829    4                       1         
G0793003000026716    2019011820190122826900000005800105300100000070778081466100000000000058000000142000000173939    4                       1         
G0793003000026716    2019011820190122826500000005300105300100000070817035687600000000000053000000142000000181829    4                       1         
G0793003000026716    2019011820190122826900000001250105300100000070650035675100000000000012500000142000000191829    4                       1         
G0793003000026716    2019011820190122826200000003200105300100000004500006750300000000000032000000142000000203863    4                       1         
G0793003000026716    2019011820190122826100000005800105300100000070977035699200000000000058000000142000000211829    4                       1         
G0793003000026716    2019011820190122826400000003100105300100000001670006724400000000000031000000142000000223863    4                       1         
G0793003000026716    2019011820190122826800000007450105300100000001670006652800000000000074500000142000000233863    4                       1         
G0793003000026716    2019011820190122826900000004300105300100000071021081488800000000000043000000142000000243939    4                       1         
G0793003000026716    2019011820190122826700000006250105300100000000651006714600000000000062500000142000000253863    4                       1         
G0793003000026716    2019011820190122826900000008550105300100000000651006643000000000000085500000142000000263863    4                       1         
G0793003000026716    2019011820190122826200000001250105300100000070470035704100000000000012500000142000000271829    4                       1         
G0793003000026716    2019011820190122826600000004200105300100000070840081472000000000000042000000142000000283939    4                       1         
G0793003000026716    2019011820190122826700000004250105300100000060539002491400000000000042500000142000000293738    4                       1         
G0793003000026716    2019011820190122826100000006000105300100000070657081454300000000000060000000142000000301829    4                       1         
G0793003000026716    2019011820190122826900000003850105300100000060830002516900000000000038500000142000000313738    4                       1         
G0793003000026716    2019011820190122826200000003750105300100000060251002467300000000000037500000142000000323738    4                       1         
G0793003000026716    2019011820190122826200000003950105300100000061107002437700000000000039500000142000000333738    4                       1         
G0793003000026716    2019011820190122826500000003800105300100000060175002461100000000000038000000142000000343738    4                       1         
G0793003000026716    2019011820190122826100000001150105300100000061179002547400000000000011500000142000000353738    4                       1         
G0793003000026716    2019011820190122826200000001150105300100000060202002463000000000000011500000142000000363738    4                       1         
G0793003000026716    2019011820190122826600000002150105300100000060745002509200000000000021500000142000000373738    4                       1         
G0793003000026716    2019011820190122826500000004750105300100000061292002557500000000000047500000142000000383738    4                       1         
G0793003000026716    2019011820190122826400000009150105300100000061169002546500000000000091500000142000000393738    4                       1         
G0793003000026716    2019011820190122826700000006500105300100000060497002488300000000000065000000142000000403738    4                       1         
G0793003000026716    2019011820190122826000000004650105300100000061242002552600000000000046500000142000000413738    4                       1         
G0793003000026716    2019011820190122826100000005200105300100000070697081458200000000000052000000142000000423939    4                       1         
G0793003000026716    2019011820190122826000000004100105300100000070692081457700000000000041000000142000000433939    4                       1         
G0793003000026716    2019011820190122826100000004200105300100000070729081461200000000000042000000142000000443939    4                       1         
G0793003000026716    2019011820190122826100000004200105300100000070518081440700000000000042000000142000000453939    4                       1         
G0793003000026716    2019011820190122826100000004100105300100000071914081574100000000000041000000142000000463939    4                       1         
G0793003000026716    2019011820190122826000000004200105300100000071237081509100000000000042000000142000000473939    4                       1         
G0793003000026716    2019011820190122826000000004100105300100000071476081532200000000000041000000142000000483939    4                       1         
G0793003000026716    2019011820190122826200000003750105300100000061107002541000000000000037500000142000000493738    4                       1         
G0793003000026716    2019011820190122826000000004200105320181203001266000286100100000000042000000142000000501141    4                       1         
G0793003000026716    2019011820190122826800000005600105320190103001193000450800100000000056000000142000000511141    4                       1         
G0793003000026716    2019011820190122826900000008600105320190103001903000501000100000000086000000142000000521141    4                       1         
G0793003000026716    2019011820190122826900000006700105320190103002047000510800100000000067000000142000000531141    4                       1         
G0793003000026716    2019011820190122826800000004200105320190103001058000441000100000000042000000142000000541141    4                       1         
G0793003000026716    2019011820190122826700000004300105320190103000971000434700100000000043000000142000000551141    4                       1         
G0793003000026716    2019011820190122826400000004900105320190103000144000369600100000000049000000142000000561141    4                       1         
G0793003000026716    2019011820190122826900000004300105320190103000528000400500100000000043000000142000000571141    4                       1         
G0793003000026716    2019011820190122826700000005550105320190103000883000428200100000000055500000142000000581141    4                       1         
G0793003000026716    2019011820190122826400000004200105320190103002148000517600100000000042000000142000000591141    4                       1         
G0793003000026716    2019011820190122826000000011150105320190103000461000394600100000000111500000142000000601141    4                       1         
G0793003000026716    2019011820190122826700000004200105320190103001494000471300100000000042000000142000000611141    4                       1         
G0793003000026716    2019011820190122826300000010850105320181203000461000220600100000000108500000142000000621141    4                       1         
G0793003000026716    2019011820190122826100000004300105320190103002155000518200100000000043000000142000000631141    4                       1         
G0793003000026716    2019011820190122826400000005950105320190103001222000524200100000000059500000142000000641141    4                       1         
G0793003000026716    2019011820190122826300000008000105320190103002171000519700100000000080000000142000000651141    4                       1         
G0793003000026716    2019011820190122826200000004400105320190103000969000434600100000000044000000142000000661141    4                       1         
G0793003000026716    2019011820190122826600000006700105320190103001668000483600100000000067000000142000000671141    4                       1         
G0793003000026716    2019011820190122826500000005400105320190103001670000483700100000000054000000142000000681141    4                       1         
G0793003000026716    2019011820190122826400000004200105320190115000131022011800100000000042000000142000000693738    4                       1         
G0793003000026716    2019011820190122826000000004300105320190103001949000504200100000000043000000142000000701141    4                       1         
G0793003000026716    2019011820190122826000000004300105320181203001058000269200100000000043000000142000000711141    4                       1         
G0793003000026716    2019011820190122826100000007250105320190103002174000520000100000000072500000142000000721141    4                       1         
G0793003000026716    2019011820190122826600000020450105320190103000487000396600100000000204500000142000000731141    4                       1         
G0793003000026716    2019011820190122826800000004200105320190114001524010361400100000000042000000142000000741829    4                       1         
G0793003000026716    2019011820190122826700000004200105320190114000202010272400100000000042000000142000000751829    4                       1         
G0793003000026716    2019011820190122826300000004200105320181213000748010185400100000000042000000142000000761829    4                       1         
G0793003000026716    2019011820190122826300000006550105320190114000740010310300100000000065500000142000000771829    4                       1         
G0793003000026716    2019011820190122826300000004200105320190114000817010316800100000000042000000142000000781829    4                       1         
G0793003000026716    2019011820190122826200000004200105320190114001703010372200100000000042000000142000000791829    4                       1         
G0793003000026716    2019011820190122826200000004200105320190114001413010378900100000000042000000142000000801829    4                       1         
G0793003000026716    2019011820190122826100000010850105320181213000829010192600100000000108500000142000000811829    4                       1         
G0793003000026716    2019011820190122826600000010850105320190114001624010367600100000000108500000142000000821829    4                       1         
G0793003000026716    2019011820190122826600000005950105320181213000740010184600100000000059500000142000000831829    4                       1         
G0793003000026716    2019011820190122826600000004200105320190114000966010326500100000000042000000142000000841829    4                       1         
G0793003000026716    2019011820190122826500000010350105320190114000249010275800100000000103500000142000000851829    4                       1         
G0793003000026716    2019011820190122826500000004200105320190114001521010361200100000000042000000142000000861829    4                       1         
G0793003000026716    2019011820190122826100000004300105320190114001514010360800100000000043000000142000000871829    4                       1         
G0793003000026716    2019011820190122826500000004200105320190114000625010301200100000000042000000142000000881829    4                       1         
G0793003000026716    2019011820190122826400000010100105320190114000829010317900100000000101000000142000000891829    4                       1         
G0793003000026716    2019011820190122826400000005650105320190114000073010263000100000000056500000142000000901829    4                       1         
G0793003000026716    2019011820190122826400000004200105320190114001140010335900100000000042000000142000000911829    4                       1         
G0793003000026716    2019011820190122826100000004200105320190114001148010336600100000000042000000142000000921829    4                       1         
G0793003000026716    2019011820190122826100000004200105320190114000797010315200100000000042000000142000000931829    4                       1         
G0793003000026716    2019011820190122826900000004200105320190114001470010357800100000000042000000142000000941829    4                       1         
G0793003000026716    2019011820190122826900000004200105320190114000748010311000100000000042000000142000000951829    4                       1         
G0793003000026716    2019011820190122826800000007850105320190114000997010328300100000000078500000142000000961829    4                       1         
G0793003000026716    2019011820190122826800000004350105320190114001021010329700100000000043500000142000000971829    4                       1         
G0793003000026716    2019011820190122826900000014750105320181213001698010253000100000000147500000142000000981829    4                       1         
G0793003000026716    2019011820190122826900000010850105320190114001698010371700100000000108500000142000000991829    4                       1         
G0793003000026716    2019011820190122826900000008600105320190114000945010325100100000000086000000142000001001829    4                       1         
G0793003000026716    2019011820190122826900000007400105320190114000060010262000100000000074000000142000001011829    4                       1         
G0793003000026716    2019011820190122826400000004300105320190103000934000431800100000000043000000142000001021141    4                       1         
G0793003000026716    2019011820190122826800000003850105320181107001091000108600100000000038500000142000001034481    4                       1         
G0793003000026716    2019011820190122826800000003850105320181107000094000009100100000000038500000142000001044481    4                       1         
G0793003000026716    2019011820190122826300000003850105320181206001105095621000100000000038500000142000001054481    4                       1         
G0793003000026716    2019011820190122826800000003850105320181206001068095617300100000000038500000142000001064481    4                       1         
G0793003000026716    2019011820190122826800000003850105320181206000948095605400100000000038500000142000001074481    4                       1         
G0793003000026716    2019011820190122826000000003850105320181107000132000012900100000000038500000142000001084481    4                       1         
G0793003000026716    2019011820190122826300000003850105320181206000955095606100100000000038500000142000001094481    4                       1         
G0793003000026716    2019011820190122826600000003850105320181206000669095578000100000000038500000142000001104481    4                       1         
G0793003000026716    2019011820190122826600000003850105320181107001068000106300100000000038500000142000001114481    4                       1         
G0793003000026716    2019011820190122826500000007750105320181107000122000011900100000000077500000142000001124481    4                       1         
G0793003000026716    2019011820190122826700000004400105320190103001583000477000100000000044000000142000001131141    4                       1         
G0793003000026716    2019011820190122826300000004200105320181221000348014121500100000000042000000142000001143089    4                       1         
G0793003000026716    2019011820190122826700000004200105320190115000521022046500100000000042000000142000001153738    4                       1         
G0793003000026716    2019011820190122826200000004200105320190115000707022063000100000000042000000142000001163738    4                       1         
G0793003000026716    2019011820190122826300000004200105320181121000901014082400100000000042000000142000001173089    4                       1         
G0793003000026716    2019011820190122826200000004200105320190121000942014259400100000000042000000142000001183089    4                       1         
G0793003000026716    2019011820190122826200000004200105320190121000185014193600100000000042000000142000001193089    4                       1         
G0793003000026716    2019011820190122826200000004200105320181221000253014112300100000000042000000142000001203089    4                       1         
G0793003000026716    2019011820190122826700000003750105320190121000305014203800100000000037500000142000001213089    4                       1         
G0793003000026716    2019011820190122826600000006550105320190121000845014252000100000000065500000142000001223089    4                       1         
G0793003000026716    2019011820190122826600000004200105320190121000395014212100100000000042000000142000001233089    4                       1         
G0793003000026716    2019011820190122826500000004200105320190121000184014193500100000000042000000142000001243089    4                       1         
G0793003000026716    2019011820190122826100000004300105320190121000802014248500100000000043000000142000001253089    4                       1         
G0793003000026716    2019011820190122826400000010100105320181221000267014113700100000000101000000142000001263089    4                       1         
G0793003000026716    2019011820190122826400000004200105320190121000308014204000100000000042000000142000001273089    4                       1         
G0793003000026716    2019011820190122826100000001850105320181221000474014133200100000000018500000142000001283089    4                       1         
G0793003000026716    2019011820190122826800000010850105320181221000145014102200100000000108500000142000001293089    4                       1         
G0793003000026716    2019011820190122826800000005350105320181221000885014169600100000000053500000142000001303089    4                       1         
G0793003000026716    2019011820190122826600000004200105320190115000741022065100100000000042000000142000001313738    4                       1         
G0793003000026716    2019011820190122826800000004200105320190115000696022061900100000000042000000142000001323738    4                       1         
G0793003000026716    2019011820190122826800000004800105320190121000358014208700100000000048000000142000001333089    4                       1         
G0793003000026716    2019011820190122826800000004200105320190121000369014209800100000000042000000142000001343089    4                       1         
G0793003000026716    2019011820190122826800000004200105320190121000244014198500100000000042000000142000001353089    4                       1         
G0793003000026716    2019011820190122826800000004200105320181221000472014133000100000000042000000142000001363089    4                       1         
G0793003000026716    2019011820190122826800000001400105320190121000906014256600100000000014000000142000001373089    4                       1         
G0793003000026716    2019011820190122826700000004200105320190121000684014238500100000000042000000142000001383089    4                       1         
G0793003000026716    2019011820190122826000000004900105320190121000143014189700100000000049000000142000001393089    4                       1         
G0793003000026716    2019011820190122826900000009050105320181221000544014139800100000000090500000142000001403089    4                       1         
G0793003000026716    2019011820190122826000000004200105320190121000062014182300100000000042000000142000001413089    4                       1         
G0793003000026716    2019011820190122826000000004200105320181221000901014170600100000000042000000142000001423089    4                       1         
G0793003000026716    2019011820190122826000000001300105320181221000906014171100100000000013000000142000001433089    4                       1         
G0793003000026716    2019011820190122826000000004400105320190103001800000493200100000000044000000142000001441141    4                       1         
G0793003000026716    2019011820190122826100000006350105320181203070852035614400100000000063500000142000001451829    4                       1         
G0793003000026716    2019011820190122826700000004600105320190103070852035690200100000000046000000142000001461829    4                       1         
G0793003000026716    2019011820190122826100000004200105320190115000183018015500100000000042000000142000001471141    4                       1         
G0793003000026716    2019011820190122826700000004200105320190115000299018024700100000000042000000142000001481141    4                       1         
G0793003000026716    2019011820190122826900000010850105320190115000156018012900100000000108500000142000001491141    4                       1         
G0793003000026716    2019011820190122826000000004200105320190115000414018034000100000000042000000142000001501141    4                       1         
G0793003000026716    2019011820190122826000000017650105320190204070297035726500100000000176500000142000001511829    4                       1         
G0793003000026716    2019011820190122826500000004200105320190115000626018052300100000000042000000142000001521141    4                       1         
G0793003000026716    2019011820190122826600000004200105320190115000598018049700100000000042000000142000001531141    4                       1         
G0793003000026716    2019011820190122826300000006550105320181221000813014163800100000000065500000142000001543089    4                       1         
G0793003000026716    2019011820190122826300000004200105320190121000349014207900100000000042000000142000001553089    4                       1         
G0793003000026716    2019011820190122826900000004150105320190103000043002502500100000000041500000142000001561116    4                       1         
G0793003000026716    2019011820190122826400000004150105320190204000548002580900100000000041500000142000001571116    4                       1         
G0793003000026716    2019011820190122826200000004250105320190204000739002592700100000000042500000142000001581116    4                       1         
G0793003000026716    2019011820190122826800000005900105320190204000384002571600100000000059000000142000001591116    4                       1         
G0793003000026716    2019011820190122826900000004800105320181221000314014118200100000000048000000142000001603089    4                       1         
G0793003000026716    2019011820190122826600000007100105320190115000726018060400100000000071000000142000001611141    4                       1         
G0793003000026716    2019011820190122826000000004200105320190115000392018032400100000000042000000142000001621141    4                       1         
G0793003000026716    2019011820190122826800000004150105320190204000476002576800100000000041500000142000001631116    4                       1         
G0793003000026716    2019011820190122826100000005350105320190115000157018013000100000000053500000142000001641141    4                       1         
G0793003000026716    2019011820190122826500000004150105320190204000809002598100100000000041500000142000001651116    4                       1         
G0793003000026716    2019011820190122826100000004150105320190204000761002594300100000000041500000142000001661116    4                       1         
G0793003000026716    2019011820190122826200000004200105320190115000463018038200100000000042000000142000001671141    4                       1         
G0793003000026716    2019011820190122826300000004200105320190115000432018035200100000000042000000142000001681141    4                       1         
G0793003000026716    2019011820190122826600000004150105320190204000620002585600100000000041500000142000001691116    4                       1         
G0793003000026716    2019011820190122826600000004150105320190204000217002562900100000000041500000142000001701116    4                       1         
G0793003000026716    2019011820190122826900000004150105320190204000570002582600100000000041500000142000001711116    4                       1         
G0793003000026716    2019011820190122826900000004150105320190204000179002560200100000000041500000142000001721116    4                       1         
G0793003000026716    2019011820190122826000000004200105320190115000357018029300100000000042000000142000001731141    4                       1         
G0793003000026716    2019011820190122826100000004200105320190115000008018000500100000000042000000142000001741141    4                       1         
G0793003000026716    2019011820190122826200000004150105320190103000787002548200100000000041500000142000001751116    4                       1         
G0793003000026716    2019011820190122826700000004150105320190103000202002511900100000000041500000142000001761116    4                       1         
G0793003000026716    2019011820190122826400000004200105320181221000938014173600100000000042000000142000001773089    4                       1         
Z00017900000000000924700                                                                                                                              
