A2201053              HIDROFORTETOCANTINS 104CAIXA ECON. FEDERAL 2019012200153503                                                                     
G0793003000026716    2019012120190122826000000004100105300100000070305035651200000000000041000000142000000011829    2                       1         
G0793003000026716    2019012120190122826800000003200105300100000005586006763900000000000032000000142000000022223    3                       1         
G0793003000026716    2019012120190122826100000007050105300100000070477035663200000000000070500000142000000031829    3                       1         
G0793003000026716    2019012120190122826700000013700105320190121000661014236300100000000137000000142000000043089    3                       1         
G0793003000026716    2019012120190122826400000004200105320190121000795014247900100000000042000000142000000053089    3                       1         
G0793003000026716    2019012120190123826400000004100105300100000070854081299800000000000041000000142000000063939    4                       1         
G0793003000026716    2019012120190123826900000004300105300100000071528081536800000000000043000000142000000073939    4                       1         
G0793003000026716    2019012120190123826600000004200105300000000001381010230200000000000042000000142000000081829    4                       1         
G0793003000026716    2019012120190123826900000007100105300000000001273010222300000000000071000000142000000091829    4                       1         
G0793003000026716    2019012120190123826900000004200105300100000071554081539100000000000042000000142000000103939    4                       1         
G0793003000026716    2019012120190123826700000004050105300100000070206020267700000000000040500000142000000111829    4                       1         
G0793003000026716    2019012120190123826800000004250105300100000070207020240600000000000042500000142000000121829    4                       1         
G0793003000026716    2019012120190123826200000004050105300100000070266020271500000000000040500000142000000131829    4                       1         
G0793003000026716    2019012120190123826100000003050105300100000070388020280300000000000030500000142000000141829    4                       1         
G0793003000026716    2019012120190123826700000012900105300100000070135020236200000000000129000000142000000151829    4                       1         
G0793003000026716    2019012120190123826700000001350105300100000070332020249400000000000013500000142000000161829    4                       1         
G0793003000026716    2019012120190123826400000006500105300100000070195020239800000000000065000000142000000171829    4                       1         
G0793003000026716    2019012120190123826900000004200105300100000070930081480400000000000042000000142000000183939    4                       1         
G0793003000026716    2019012120190123826900000004100105300100000070938080536800000000000041000000142000000193939    4                       1         
G0793003000026716    2019012120190123826800000004800105300100000070929081480300000000000048000000142000000203939    4                       1         
G0793003000026716    2019012120190123826500000007500105300100000005945006775100000000000075000000142000000210946    4                       1         
G0793003000026716    2019012120190123826400000003200105300100000004930006754000000000000032000000142000000220793    4                       1         
G0793003000026716    2019012120190123826300000004050105300100000070206020240500000000000040500000142000000231829    4                       1         
G0793003000026716    2019012120190123826500000004050105300100000070051020257700000000000040500000142000000240793    4                       1         
G0793003000026716    2019012120190123826100000001300105300100000070310020248100000000000013000000142000000251829    4                       1         
G0793003000026716    2019012120190123826100000001300105300100000070299020274200000000000013000000142000000261829    4                       1         
G0793003000026716    2019012120190123826400000003350105300100000070066020231900000000000033500000142000000271829    4                       1         
G0793003000026716    2019012120190123826100000004650105300100000061330002561200000000000046500000142000000283089    4                       1         
G0793003000026716    2019012120190123826800000003800105300100000070393035271200000000000038000000142000000291829    4                       1         
G0793003000026716    2019012120190123826300000001300105300100000070582035670300000000000013000000142000000301829    4                       1         
G0793003000026716    2019012120190123826100000004200105300100000070800035686500000000000042000000142000000311829    4                       1         
G0793003000026716    2019012120190123826400000003200105300100000005612006765900000000000032000000142000000323863    4                       1         
G0793003000026716    2019012120190123826900000003200105300100000005555006761800000000000032000000142000000333863    4                       1         
G0793003000026716    2019012120190123826000000008000105300100000002920006735700000000000080000000142000000343863    4                       1         
G0793003000026716    2019012120190123826200000004800105300100000005944006775000000000000048000000142000000353863    4                       1         
G0793003000026716    2019012120190123826300000004200105300100000070983035699600000000000042000000142000000361829    4                       1         
G0793003000026716    2019012120190123826700000001250105300100000076333035111400000000000012500000142000000371829    4                       1         
G0793003000026716    2019012120190123826100000001350105300100000070401035657600000000000013500000142000000381829    4                       1         
G0793003000026716    2019012120190123826800000006850105300100000001665006724300000000000068500000142000000393863    4                       1         
G0793003000026716    2019012120190123826500000001250105300100000070393035349200000000000012500000142000000401829    4                       1         
G0793003000026716    2019012120190123826100000004200105300100000070214035643600000000000042000000142000000411829    4                       1         
G0793003000026716    2019012120190123826000000004150105300100000070764035683900000000000041500000142000000421829    4                       1         
G0793003000026716    2019012120190123826300000004700105300100000002491006731800000000000047000000142000000433863    4                       1         
G0793003000026716    2019012120190123826200000004100105300100000070439035705800000000000041000000142000000441829    4                       1         
G0793003000026716    2019012120190123826000000003800105300100000005050006755400000000000038000000142000000450793    4                       1         
G0793003000026716    2019012120190123826600000003800105300100000005966006776000000000000038000000142000000463863    4                       1         
G0793003000026716    2019012120190123826400000005200105300100000070537035704600000000000052000000142000000471829    4                       1         
G0793003000026716    2019012120190123826500000009700105300100000006020006565300000000000097000000142000000483863    4                       1         
G0793003000026716    2019012120190123826400000008400105300100000070923035694900000000000084000000142000000491829    4                       1         
G0793003000026716    2019012120190123826200000001300105300100000070493035664600000000000013000000142000000501829    4                       1         
G0793003000026716    2019012120190123826200000004200105300100000070199020240000000000000042000000142000000513458    4                       1         
G0793003000026716    2019012120190123826700000003250105300100000005979006776900000000000032500000142000000523863    4                       1         
G0793003000026716    2019012120190123826700000004200105300100000070708035679800000000000042000000142000000531829    4                       1         
G0793003000026716    2019012120190123826000000003950105300100000060712002506100000000000039500000142000000543738    4                       1         
G0793003000026716    2019012120190123826200000003850105300100000061141002544200000000000038500000142000000553738    4                       1         
G0793003000026716    2019012120190123826500000003200105300100000005941006774900000000000032000000142000000563863    4                       1         
G0793003000026716    2019012120190123826500000006150105300100000060556002492600000000000061500000142000000573738    4                       1         
G0793003000026716    2019012120190123826000000003950105300100000060686002503800000000000039500000142000000583738    4                       1         
G0793003000026716    2019012120190123826900000005100105300100000061301002455600000000000051000000142000000593738    4                       1         
G0793003000026716    2019012120190123826800000004300105300100000070929035695400000000000043000000142000000601829    4                       1         
G0793003000026716    2019012120190123826500000003100105300100000003880006744700000000000031000000142000000613863    4                       1         
G0793003000026716    2019012120190123826900000004650105300100000061291002454600000000000046500000142000000623738    4                       1         
G0793003000026716    2019012120190123826400000009950105300100000006020006636900000000000099500000142000000633863    4                       1         
G0793003000026716    2019012120190123826900000003750105300100000061034002221400000000000037500000142000000643738    4                       1         
G0793003000026716    2019012120190123826500000001150105300100000060811002515400000000000011500000142000000653738    4                       1         
G0793003000026716    2019012120190123826500000006150105300100000070981035699400000000000061500000142000000661829    4                       1         
G0793003000026716    2019012120190123826400000003950105300100000060679002503100000000000039500000142000000673738    4                       1         
G0793003000026716    2019012120190123826100000005100105300100000000120006709600000000000051000000142000000683863    4                       1         
G0793003000026716    2019012120190123826900000003750105300100000060903002523600000000000037500000142000000693738    4                       1         
G0793003000026716    2019012120190123826200000003800105300100000061161002545900000000000038000000142000000703738    4                       1         
G0793003000026716    2019012120190123826200000003800105300100000060845002517900000000000038000000142000000713738    4                       1         
G0793003000026716    2019012120190123826000000003200105300100000005610006765700000000000032000000142000000723863    4                       1         
G0793003000026716    2019012120190123826900000001200105300100000060729002507700000000000012000000142000000733738    4                       1         
G0793003000026716    2019012120190123826000000004750105300100000061236002552000000000000047500000142000000743738    4                       1         
G0793003000026716    2019012120190123826300000004650105300100000061290002557300000000000046500000142000000753738    4                       1         
G0793003000026716    2019012120190123826300000005550105300100000071500081534500000000000055500000142000000763939    4                       1         
G0793003000026716    2019012120190123826600000003950105300100000061101002540500000000000039500000142000000773738    4                       1         
G0793003000026716    2019012120190123826300000004250105300100000071113081497500000000000042500000142000000783939    4                       1         
G0793003000026716    2019012120190123826600000004350105300100000070252081415900000000000043500000142000000793939    4                       1         
G0793003000026716    2019012120190123826600000004200105300100000070473081436900000000000042000000142000000803939    4                       1         
G0793003000026716    2019012120190123826600000004200105300100000070290081419500000000000042000000142000000813939    4                       1         
G0793003000026716    2019012120190123826900000010600105300100000071523081536300000000000106000000142000000823939    4                       1         
G0793003000026716    2019012120190123826900000006550105300100000071464081531000000000000065500000142000000833939    4                       1         
G0793003000026716    2019012120190123826800000004100105300100000071291081514500000000000041000000142000000843939    4                       1         
G0793003000026716    2019012120190123826700000011800105300100000071115081497700000000000118000000142000000853939    4                       1         
G0793003000026716    2019012120190123826500000003900105300100000060641002499600000000000039000000142000000863738    4                       1         
G0793003000026716    2019012120190123826100000006000105300100000061213002550500000000000060000000142000000873738    4                       1         
G0793003000026716    2019012120190123826400000001250105300100000070936035695900000000000012500000142000000881829    4                       1         
G0793003000026716    2019012120190123826600000006000105300100000071008035701100000000000060000000142000000891829    4                       1         
G0793003000026716    2019012120190123826600000004300105300100000070780035685000000000000043000000142000000901829    4                       1         
G0793003000026716    2019012120190123826700000007650105300100000070915081479000000000000076500000142000000913939    4                       1         
G0793003000026716    2019012120190123826700000005800105300100000071499081534400000000000058000000142000000923939    4                       1         
G0793003000026716    2019012120190123826700000004400105300100000070472081436800000000000044000000142000000933939    4                       1         
G0793003000026716    2019012120190123826700000004200105300100000070723081460700000000000042000000142000000943939    4                       1         
G0793003000026716    2019012120190123826600000003950105300100000060681002503300000000000039500000142000000953738    4                       1         
G0793003000026716    2019012120190123826700000004200105300100000070674081456000000000000042000000142000000963939    4                       1         
G0793003000026716    2019012120190123826300000004200105300100000071922081574900000000000042000000142000000973939    4                       1         
G0793003000026716    2019012120190123826300000004100105300100000070979081484600000000000041000000142000000983939    4                       1         
G0793003000026716    2019012120190123826300000004100105300100000070938080259400000000000041000000142000000993939    4                       1         
G0793003000026716    2019012120190123826100000004100105300100000071955081577900000000000041000000142000001003939    4                       1         
G0793003000026716    2019012120190123826100000003450105300100000070713081459700000000000034500000142000001013939    4                       1         
G0793003000026716    2019012120190123826200000008550105300100000071689081552300000000000085500000142000001023939    4                       1         
G0793003000026716    2019012120190123826000000005800105300100000070989081485600000000000058000000142000001033939    4                       1         
G0793003000026716    2019012120190123826500000004200105300100000070550081443800000000000042000000142000001043939    4                       1         
G0793003000026716    2019012120190123826500000004100105300100000070938080080500000000000041000000142000001053939    4                       1         
G0793003000026716    2019012120190123826500000002450105300100000070404081430500000000000024500000142000001063939    4                       1         
G0793003000026716    2019012120190123826400000004200105300100000071938081576400000000000042000000142000001073939    4                       1         
G0793003000026716    2019012120190123826400000002000105300100000070983081485000000000000020000000142000001083939    4                       1         
G0793003000026716    2019012120190123826400000001300105300100000070858081473700000000000013000000142000001093939    4                       1         
G0793003000026716    2019012120190123826000000004200105300100000071482081532700000000000042000000142000001103939    4                       1         
G0793003000026716    2019012120190123826300000008950105300100000071460081530600000000000089500000142000001113939    4                       1         
G0793003000026716    2019012120190123826700000003800105300100000060515002489800000000000038000000142000001123738    4                       1         
G0793003000026716    2019012120190123826100000001150105300100000060674002502600000000000011500000142000001133738    4                       1         
G0793003000026716    2019012120190123826900000004250105300100000070828035688400000000000042500000142000001141829    4                       1         
G0793003000026716    2019012120190123826700000004200105320190114000769010312700100000000042000000142000001151829    4                       1         
G0793003000026716    2019012120190123826200000007550105320190204070247035722300100000000075500000142000001161829    4                       1         
G0793003000026716    2019012120190123826000000012600105320190114000573010297300100000000126000000142000001171829    4                       1         
G0793003000026716    2019012120190123826200000008450105320190114001203010339900100000000084500000142000001181829    4                       1         
G0793003000026716    2019012120190123826000000004350105320190114000485010291400100000000043500000142000001191829    4                       1         
G0793003000026716    2019012120190123826600000004150105320190204070649035752000100000000041500000142000001201829    4                       1         
G0793003000026716    2019012120190123826800000004600105320190204070387035732700100000000046000000142000001211829    4                       1         
G0793003000026716    2019012120190123826900000004150105320190204070648035751900100000000041500000142000001221829    4                       1         
G0793003000026716    2019012120190123826900000004050105320190204070347035730000100000000040500000142000001231829    4                       1         
G0793003000026716    2019012120190123826900000004200105320181203000058000187800100000000042000000142000001241141    4                       1         
G0793003000026716    2019012120190123826900000004300105320190103000885000428300100000000043000000142000001251141    4                       1         
G0793003000026716    2019012120190123826900000004200105320190103000450000393600100000000042000000142000001261141    4                       1         
G0793003000026716    2019012120190123826300000007250105320190103001392000464200100000000072500000142000001271141    4                       1         
G0793003000026716    2019012120190123826800000004300105320190103000336000384200100000000043000000142000001281141    4                       1         
G0793003000026716    2019012120190123826300000004300105320190103001504000471800100000000043000000142000001291141    4                       1         
G0793003000026716    2019012120190123826600000009350105320190103001397000464500100000000093500000142000001301141    4                       1         
G0793003000026716    2019012120190123826600000004300105320190103001762000490400100000000043000000142000001311141    4                       1         
G0793003000026716    2019012120190123826600000004200105320190103000994000436400100000000042000000142000001321141    4                       1         
G0793003000026716    2019012120190123826500000004300105320190103002153000518100100000000043000000142000001331141    4                       1         
G0793003000026716    2019012120190123826500000004300105320181203001264000285900100000000043000000142000001341141    4                       1         
G0793003000026716    2019012120190123826500000004200105320190103001720000487300100000000042000000142000001351141    4                       1         
G0793003000026716    2019012120190123826900000012900105320190103000171000371600100000000129000000142000001361141    4                       1         
G0793003000026716    2019012120190123826000000004300105320181213000966010202200100000000043000000142000001371829    4                       1         
G0793003000026716    2019012120190123826400000004300105320190114001629010367900100000000043000000142000001381829    4                       1         
G0793003000026716    2019012120190123826500000004350105320190114000778010313600100000000043500000142000001391829    4                       1         
G0793003000026716    2019012120190123826400000004200105320181213001645010249600100000000042000000142000001401829    4                       1         
G0793003000026716    2019012120190123826700000008250105320190204070082035711600100000000082500000142000001411829    4                       1         
G0793003000026716    2019012120190123826800000004200105320181203000839000252200100000000042000000142000001421141    4                       1         
G0793003000026716    2019012120190123826800000004200105320181101001765000144700100000000042000000142000001431141    4                       1         
G0793003000026716    2019012120190123826700000004400105320190103001444000467500100000000044000000142000001441141    4                       1         
G0793003000026716    2019012120190123826700000004300105320190103001033000439200100000000043000000142000001451141    4                       1         
G0793003000026716    2019012120190123826700000004200105320181203000953000261200100000000042000000142000001461141    4                       1         
G0793003000026716    2019012120190123826700000004200105320181101000058000004600100000000042000000142000001471141    4                       1         
G0793003000026716    2019012120190123826000000028400105320190103000713000414800100000000284000000142000001481141    4                       1         
G0793003000026716    2019012120190123826000000006700105320190103001404000465000100000000067000000142000001491141    4                       1         
G0793003000026716    2019012120190123826000000004300105320190103001658000483000100000000043000000142000001501141    4                       1         
G0793003000026716    2019012120190123826200000006850105320190103000110000367100100000000068500000142000001511141    4                       1         
G0793003000026716    2019012120190123826200000006650105320190103001951000504400100000000066500000142000001521141    4                       1         
G0793003000026716    2019012120190123826000000004300105320190103001171000449500100000000043000000142000001531141    4                       1         
G0793003000026716    2019012120190123826400000004300105320190103002010000508400100000000043000000142000001541141    4                       1         
G0793003000026716    2019012120190123826500000004300105320190114001391010352500100000000043000000142000001551829    4                       1         
G0793003000026716    2019012120190123826500000004200105320190114001069010331900100000000042000000142000001561829    4                       1         
G0793003000026716    2019012120190123826500000004200105320181213001481010238100100000000042000000142000001571829    4                       1         
G0793003000026716    2019012120190123826500000004200105320181213000116010138400100000000042000000142000001581829    4                       1         
G0793003000026716    2019012120190123826700000007100105320190114000967010326600100000000071000000142000001591829    4                       1         
G0793003000026716    2019012120190123826700000004200105320190114001489010358800100000000042000000142000001601829    4                       1         
G0793003000026716    2019012120190123826400000004300105320190103001885000499600100000000043000000142000001611141    4                       1         
G0793003000026716    2019012120190123826200000004300105320190103002116000515200100000000043000000142000001621141    4                       1         
G0793003000026716    2019012120190123826200000004300105320190103001640000482000100000000043000000142000001631141    4                       1         
G0793003000026716    2019012120190123826200000004300105320190103000306000381900100000000043000000142000001641141    4                       1         
G0793003000026716    2019012120190123826200000004200105320190103001264000455900100000000042000000142000001651141    4                       1         
G0793003000026716    2019012120190123826200000004200105320181101000953000080500100000000042000000142000001661141    4                       1         
G0793003000026716    2019012120190123826100000012900105320190103001364000462300100000000129000000142000001671141    4                       1         
G0793003000026716    2019012120190123826100000004400105320190103001786000492100100000000044000000142000001681141    4                       1         
G0793003000026716    2019012120190123826100000004400105320190103001371000462900100000000044000000142000001691141    4                       1         
G0793003000026716    2019012120190123826100000004400105320190103000524000400100100000000044000000142000001701141    4                       1         
G0793003000026716    2019012120190123826100000004300105320190103001080000442800100000000043000000142000001711141    4                       1         
G0793003000026716    2019012120190123826100000004300105320190103000251000377500100000000043000000142000001721141    4                       1         
G0793003000026716    2019012120190123826100000004200105320181203000306000207500100000000042000000142000001731141    4                       1         
G0793003000026716    2019012120190123826200000007100105320190114001044010330800100000000071000000142000001741829    4                       1         
G0793003000026716    2019012120190123826300000005650105320181213000073010135300100000000056500000142000001751829    4                       1         
G0793003000026716    2019012120190123826300000004800105320190114001284010345400100000000048000000142000001761829    4                       1         
G0793003000026716    2019012120190123826800000004200105320181213000485010164700100000000042000000142000001771829    4                       1         
G0793003000026716    2019012120190123826600000004200105320190114001481010358300100000000042000000142000001781829    4                       1         
G0793003000026716    2019012120190123826600000004200105320190114000116010266100100000000042000000142000001791829    4                       1         
G0793003000026716    2019012120190123826600000004050105320190204070587035747600100000000040500000142000001801829    4                       1         
G0793003000026716    2019012120190123826100000004200105320190115000237022021500100000000042000000142000001813738    4                       1         
G0793003000026716    2019012120190123826800000004200105320190115000629022056400100000000042000000142000001823738    4                       1         
G0793003000026716    2019012120190123826900000007100105320190115000505022045200100000000071000000142000001833738    4                       1         
G0793003000026716    2019012120190123826300000007100105320190115000549022049200100000000071000000142000001843738    4                       1         
G0793003000026716    2019012120190123826000000006550105320190115000653022058200100000000065500000142000001853738    4                       1         
G0793003000026716    2019012120190123826400000004050105320190204070360035730800100000000040500000142000001861829    4                       1         
G0793003000026716    2019012120190123826200000004300105320190121000527014224100100000000043000000142000001873089    4                       1         
G0793003000026716    2019012120190123826800000004800105320190115000440022039500100000000048000000142000001883738    4                       1         
G0793003000026716    2019012120190123826400000004200105320190115000333022030000100000000042000000142000001893738    4                       1         
G0793003000026716    2019012120190123826000000010850105320190115000621022055700100000000108500000142000001903738    4                       1         
G0793003000026716    2019012120190123826700000004200105320190115000130022011700100000000042000000142000001913738    4                       1         
G0793003000026716    2019012120190123826100000006550105320181221000614014146100100000000065500000142000001923089    4                       1         
G0793003000026716    2019012120190123826100000004200105320190121000922014257700100000000042000000142000001933089    4                       1         
G0793003000026716    2019012120190123826100000004200105320190121000340014207000100000000042000000142000001943089    4                       1         
G0793003000026716    2019012120190123826000000003600105320190105000850006716500100000000036000000142000001953863    4                       1         
G0793003000026716    2019012120190123826400000004150105320190204000183002560600100000000041500000142000001961116    4                       1         
G0793003000026716    2019012120190123826200000004750105320190204000126002557200100000000047500000142000001971116    4                       1         
G0793003000026716    2019012120190123826300000004800105320190115000371018030300100000000048000000142000001981141    4                       1         
G0793003000026716    2019012120190123826800000004200105320190115000082018006800100000000042000000142000001991141    4                       1         
G0793003000026716    2019012120190123826600000004200105320190115000089018007500100000000042000000142000002001141    4                       1         
G0793003000026716    2019012120190123826600000005950105320190115000029018002400100000000059500000142000002011141    4                       1         
G0793003000026716    2019012120190123826800000004150105320190103000461002526800100000000041500000142000002021116    4                       1         
G0793003000026716    2019012120190123826700000004750105320190103000615002536700100000000047500000142000002031116    4                       1         
G0793003000026716    2019012120190123826500000004150105320190103000021002501100100000000041500000142000002041116    4                       1         
G0793003000026716    2019012120190123826400000004200105320190115000552018045700100000000042000000142000002051141    4                       1         
G0793003000026716    2019012120190123826600000004150105320190204000187002560800100000000041500000142000002061116    4                       1         
G0793003000026716    2019012120190123826600000004150105320190103000614002536600100000000041500000142000002071116    4                       1         
G0793003000026716    2019012120190123826900000004150105320190204000021002551700100000000041500000142000002081116    4                       1         
G0793003000026716    2019012120190123826500000004200105320190115000617018051400100000000042000000142000002091141    4                       1         
G0793003000026716    2019012120190123826700000004200105320190115000101018008600100000000042000000142000002101141    4                       1         
G0793003000026716    2019012120190123826800000004150105320190204000568002582400100000000041500000142000002111116    4                       1         
G0793003000026716    2019012120190123826300000004200105320190115000158018013100100000000042000000142000002121141    4                       1         
G0793003000026716    2019012120190123826800000004150105320190204000275002566100100000000041500000142000002131116    4                       1         
G0793003000026716    2019012120190123826400000009250105320190103000156002509000100000000092500000142000002141116    4                       1         
G0793003000026716    2019012120190123826300000004200105320190115000239018019900100000000042000000142000002151141    4                       1         
G0793003000026716    2019012120190123826300000004150105320190204000095002555400100000000041500000142000002161116    4                       1         
G0793003000026716    2019012120190123826400000004200105320190115000655018054900100000000042000000142000002171141    4                       1         
G0793003000026716    2019012120190123826700000004200105320190115000038018003300100000000042000000142000002181141    4                       1         
G0793003000026716    2019012120190123826600000004150105320190103000472002527700100000000041500000142000002191116    4                       1         
G0793003000026716    2019012120190123826800000004150105320190204000689002589700100000000041500000142000002201116    4                       1         
G0793003000026716    2019012120190123826000000004200105320190115000100018008500100000000042000000142000002211141    4                       1         
G0793003000026716    2019012120190123826100000004250105320190204000394002572300100000000042500000142000002221116    4                       1         
G0793003000026716    2019012120190123826600000010850105320190115000526018043400100000000108500000142000002231141    4                       1         
G0793003000026716    2019012120190123826300000004150105320190103000050002502800100000000041500000142000002241116    4                       1         
G0793003000026716    2019012120190123826100000004150105320190103000762002546300100000000041500000142000002251116    4                       1         
G0793003000026716    2019012120190123826200000008800105320190204000811002598300100000000088000000142000002261116    4                       1         
G0793003000026716    2019012120190123826500000004150105320190204000385002571700100000000041500000142000002271116    4                       1         
G0793003000026716    2019012120190123826100000004200105320190115000153022013500100000000042000000142000002283738    4                       1         
G0793003000026716    2019012120190123826100000004200105320190115000595022053400100000000042000000142000002293738    4                       1         
G0793003000026716    2019012120190123826200000004200105320190115000418022037600100000000042000000142000002303738    4                       1         
G0793003000026716    2019012120190123826800000007050105320190204000512002578700100000000070500000142000002311116    4                       1         
G0793003000026716    2019012120190123826300000010700105320190204000038002552600100000000107000000142000002321116    4                       1         
G0793003000026716    2019012120190123826900000004200105320190115000001022000100100000000042000000142000002333738    4                       1         
G0793003000026716    2019012120190123826600000004200105320190115000745022065400100000000042000000142000002343738    4                       1         
G0793003000026716    2019012120190123826400000004200105320190115000526022046900100000000042000000142000002353738    4                       1         
G0793003000026716    2019012120190123826400000004200105320190115000196022017600100000000042000000142000002363738    4                       1         
G0793003000026716    2019012120190123826300000007800105320190103000354002521200100000000078000000142000002371116    4                       1         
G0793003000026716    2019012120190123826800000004750105320190204000538002580500100000000047500000142000002381116    4                       1         
G0793003000026716    2019012120190123826700000004050105320190204070417035735100100000000040500000142000002391829    4                       1         
G0793003000026716    2019012120190123826000000004050105320190204071000035778400100000000040500000142000002401829    4                       1         
G0793003000026716    2019012120190123826300000004050105320190204070178035716400100000000040500000142000002411829    4                       1         
G0793003000026716    2019012120190123826300000004050105320190204070157035714700100000000040500000142000002421829    4                       1         
G0793003000026716    2019012120190123826000000007000105320190204070144035714400100000000070000000142000002431829    4                       1         
G0793003000026716    2019012120190123826800000004200105320190114001708010372600100000000042000000142000002444065    4                       1         
G0793003000026716    2019012120190123826500000004050105320190204070980035777000100000000040500000142000002451829    4                       1         
G0793003000026716    2019012120190123826700000004050105320190204070246035722200100000000040500000142000002461829    4                       1         
G0793003000026716    2019012120190123826700000004050105320190204070163035715100100000000040500000142000002471829    4                       1         
G0793003000026716    2019012120190123826300000004150105320190204070212035719100100000000041500000142000002481829    4                       1         
G0793003000026716    2019012120190123826500000004050105320190204070231035720700100000000040500000142000002491829    4                       1         
G0793003000026716    2019012120190123826700000005100105320190105001045006718300100000000051000000142000002503863    4                       1         
G0793003000026716    2019012120190123826400000001250105320190204070783035762500100000000012500000142000002511829    4                       1         
G0793003000026716    2019012120190123826200000004050105320190204071007035778900100000000040500000142000002521829    4                       1         
G0793003000026716    2019012120190123826900000004300105320190121000013014177600100000000043000000142000002533089    4                       1         
G0793003000026716    2019012120190123826900000004200105320190121000847014252200100000000042000000142000002543089    4                       1         
G0793003000026716    2019012120190123826900000004200105320190121000721014241900100000000042000000142000002553089    4                       1         
G0793003000026716    2019012120190123826900000004200105320190121000625014232800100000000042000000142000002563089    4                       1         
G0793003000026716    2019012120190123826100000004200105320190121000309014204100100000000042000000142000002573089    4                       1         
G0793003000026716    2019012120190123826500000004050105320190204070835035766000100000000040500000142000002581829    4                       1         
G0793003000026716    2019012120190123826900000004200105320190121000521014223600100000000042000000142000002593089    4                       1         
G0793003000026716    2019012120190123826900000004200105320190121000234014197600100000000042000000142000002603089    4                       1         
G0793003000026716    2019012120190123826900000004200105320190121000183014193400100000000042000000142000002613089    4                       1         
G0793003000026716    2019012120190123826800000013450105320181221000789014161500100000000134500000142000002623089    4                       1         
G0793003000026716    2019012120190123826800000006700105320190121000378014210600100000000067000000142000002633089    4                       1         
G0793003000026716    2019012120190123826000000004050105320190204070416035735000100000000040500000142000002641829    4                       1         
G0793003000026716    2019012120190123826000000004050105320190204070388035732800100000000040500000142000002651829    4                       1         
G0793003000026716    2019012120190123826200000004050105320190204071003035778600100000000040500000142000002661829    4                       1         
G0793003000026716    2019012120190123826200000001250105320190204070010035706800100000000012500000142000002671829    4                       1         
G0793003000026716    2019012120190123826300000010000105320190123000298014263400100000000100000000142000002683089    4                       1         
G0793003000026716    2019012120190123826800000005400105320190121000958014260700100000000054000000142000002693089    4                       1         
G0793003000026716    2019012120190123826800000005350105320190121000420014214100100000000053500000142000002703089    4                       1         
G0793003000026716    2019012120190123826300000005000105320190121000595014230000100000000050000000142000002713089    4                       1         
G0793003000026716    2019012120190123826800000004200105320190121000613014231600100000000042000000142000002723089    4                       1         
G0793003000026716    2019012120190123826200000001250105320190103070802035686700100000000012500000142000002731829    4                       1         
G0793003000026716    2019012120190123826600000006050105320190121000693014239300100000000060500000142000002743089    4                       1         
G0793003000026716    2019012120190123826500000010950105320181221000698014154200100000000109500000142000002753089    4                       1         
G0793003000026716    2019012120190123826500000010850105320190121000870014253800100000000108500000142000002763089    4                       1         
G0793003000026716    2019012120190123826500000004300105320190121000567014227800100000000043000000142000002773089    4                       1         
G0793003000026716    2019012120190123826500000004200105320190121000623014232600100000000042000000142000002783089    4                       1         
G0793003000026716    2019012120190123826200000004200105320190121000489014220600100000000042000000142000002791626    4                       1         
G0793003000026716    2019012120190123826300000003850105320181206000423095553900100000000038500000142000002804481    4                       1         
G0793003000026716    2019012120190123826000000003850105320181206000728095583400100000000038500000142000002814481    4                       1         
G0793003000026716    2019012120190123826500000004200105320181221000548014140200100000000042000000142000002823089    4                       1         
G0793003000026716    2019012120190123826900000007100105320190121000523014223700100000000071000000142000002833089    4                       1         
G0793003000026716    2019012120190123826900000004800105320181121000176014017200100000000048000000142000002843089    4                       1         
G0793003000026716    2019012120190123826900000004400105320190121000170014192100100000000044000000142000002853089    4                       1         
G0793003000026716    2019012120190123826300000004200105320181221000604014145100100000000042000000142000002863089    4                       1         
G0793003000026716    2019012120190123826800000004200105320181121000278014026800100000000042000000142000002873089    4                       1         
G0793003000026716    2019012120190123826800000001300105320181221000161014103800100000000013000000142000002883089    4                       1         
G0793003000026716    2019012120190123826300000004200105320181221000443014130200100000000042000000142000002893089    4                       1         
G0793003000026716    2019012120190123826700000004200105320190121000066014182700100000000042000000142000002903089    4                       1         
G0793003000026716    2019012120190123826700000001300105320190121000893014255500100000000013000000142000002913089    4                       1         
G0793003000026716    2019012120190123826300000001300105320190121000780014246600100000000013000000142000002923089    4                       1         
G0793003000026716    2019012120190123826200000013700105320190121000015014177700100000000137000000142000002933089    4                       1         
G0793003000026716    2019012120190123826000000005950105320190121000119014187600100000000059500000142000002943089    4                       1         
G0793003000026716    2019012120190123826000000005950105320181221000303014117100100000000059500000142000002953089    4                       1         
G0793003000026716    2019012120190123826000000005350105320190121000532014224600100000000053500000142000002963089    4                       1         
G0793003000026716    2019012120190123826000000005350105320181221000176014105300100000000053500000142000002973089    4                       1         
G0793003000026716    2019012120190123826000000004200105320181221000374014123900100000000042000000142000002983089    4                       1         
G0793003000026716    2019012120190123826100000004200105320190121000946014259700100000000042000000142000002993089    4                       1         
G0793003000026716    2019012120190123826400000019100105320190121000789014247300100000000191000000142000003003089    4                       1         
G0793003000026716    2019012120190123826400000005350105320190121000394014212000100000000053500000142000003013089    4                       1         
G0793003000026716    2019012120190123826400000004350105320190121000348014207800100000000043500000142000003023089    4                       1         
G0793003000026716    2019012120190123826000000004200105320181221000278014114800100000000042000000142000003033089    4                       1         
G0793003000026716    2019012120190123826200000003850105320181107000625000062000100000000038500000142000003044481    4                       1         
G0793003000026716    2019012120190123826900000003850105320181107000194000018900100000000038500000142000003054481    4                       1         
G0793003000026716    2019012120190123826600000003850105320181206000963095606900100000000038500000142000003064481    4                       1         
G0793003000026716    2019012120190123826100000003850105320181206000578095569300100000000038500000142000003074481    4                       1         
Z00030900000000001520750                                                                                                                              
