A2201053              HIDROFORTETOCANTINS 104CAIXA ECON. FEDERAL 2019012300153603                                                                     
G0793003000026716    2019012220190123826800000004200105300100000070324035652500000000000042000000142000000013314    3                       1         
G0793003000026716    2019012220190123826200000004250105320190103070573035669800100000000042500000142000000021829    3                       1         
G0793003000026716    2019012220190123826200000004100105320181217070024035629700100000000041000000142000000031829    3                       1         
G0793003000026716    2019012220190124826600000004200105320190121000641014234400100000000042000000142000000043089    4                       1         
G0793003000026716    2019012220190124826500000006550105300100000070191035641900000000000065500000142000000051829    4                       1         
G0793003000026716    2019012220190124826800000004050105300100000070362020278500000000000040500000142000000061829    4                       1         
G0793003000026716    2019012220190124826500000004050105300100000070380020279500000000000040500000142000000071829    4                       1         
G0793003000026716    2019012220190124826200000001250105300100000070158020264700000000000012500000142000000081829    4                       1         
G0793003000026716    2019012220190124826100000009200105300100000070329020249200000000000092000000142000000091829    4                       1         
G0793003000026716    2019012220190124826000000004050105300100000070233020269800000000000040500000142000000101829    4                       1         
G0793003000026716    2019012220190124826500000007050105300100000070112020234600000000000070500000142000000111829    4                       1         
G0793003000026716    2019012220190124826100000006350105300100000070110020234400000000000063500000142000000121829    4                       1         
G0793003000026716    2019012220190124826000000004850105300100000070257020243500000000000048500000142000000131829    4                       1         
G0793003000026716    2019012220190124826100000003550105300100000070067020258800000000000035500000142000000141829    4                       1         
G0793003000026716    2019012220190124826800000004050105300100000070133020236000000000000040500000142000000151829    4                       1         
G0793003000026716    2019012220190124826000000003200105300100000004830006753300000000000032000000142000000160793    4                       1         
G0793003000026716    2019012220190124826500000005150105300100000070264020271300000000000051500000142000000171829    4                       1         
G0793003000026716    2019012220190124826700000003100105300100000005992006777600000000000031000000142000000180793    4                       1         
G0793003000026716    2019012220190124826000000004200105300100000070571081445700000000000042000000142000000193939    4                       1         
G0793003000026716    2019012220190124826500000001300105300100000071765081559500000000000013000000142000000203939    4                       1         
G0793003000026716    2019012220190124826700000004100105300100000070803081468500000000000041000000142000000213939    4                       1         
G0793003000026716    2019012220190124826000000001250105300100000071098081496000000000000012500000142000000223939    4                       1         
G0793003000026716    2019012220190124826100000004150105300100000071192081504900000000000041500000142000000233939    4                       1         
G0793003000026716    2019012220190124826300000001250105300100000070992081485900000000000012500000142000000243939    4                       1         
G0793003000026716    2019012220190124826200000016100105300100000070919081479400000000000161000000142000000253939    4                       1         
G0793003000026716    2019012220190124826900000001250105300100000071754081558500000000000012500000142000000263939    4                       1         
G0793003000026716    2019012220190124826800000004900105300100000070817081469700000000000049000000142000000273939    4                       1         
G0793003000026716    2019012220190124826300000002400105300100000070515081440400000000000024000000142000000283939    4                       1         
G0793003000026716    2019012220190124826300000001300105300100000071713081554500000000000013000000142000000293939    4                       1         
G0793003000026716    2019012220190124826800000001250105300100000070966081483400000000000012500000142000000303939    4                       1         
G0793003000026716    2019012220190124826900000001250105300100000070092020260500000000000012500000142000000311829    4                       1         
G0793003000026716    2019012220190124826700000007100105300100000071411081526300000000000071000000142000000323939    4                       1         
G0793003000026716    2019012220190124826600000004100105300100000070017081411100000000000041000000142000000333939    4                       1         
G0793003000026716    2019012220190124826600000003700105300100000070967081483500000000000037000000142000000343939    4                       1         
G0793003000026716    2019012220190124826400000004900105300100000002951006736100000000000049000000142000000353863    4                       1         
G0793003000026716    2019012220190124826500000004750105300100000070839081471900000000000047500000142000000363939    4                       1         
G0793003000026716    2019012220190124826600000008850105300100000000290006711200000000000088500000142000000373863    4                       1         
G0793003000026716    2019012220190124826600000003100105300100000005622006766700000000000031000000142000000383863    4                       1         
G0793003000026716    2019012220190124826600000003200105300100000005160006756200000000000032000000142000000393863    4                       1         
G0793003000026716    2019012220190124826400000003200105300100000004030006746000000000000032000000142000000403863    4                       1         
G0793003000026716    2019012220190124826300000007600105300100000005546006761100000000000076000000142000000413863    4                       1         
G0793003000026716    2019012220190124826000000003300105300100000002200006729100000000000033000000142000000423863    4                       1         
G0793003000026716    2019012220190124826900000004200105300100000071177081503500000000000042000000142000000433939    4                       1         
G0793003000026716    2019012220190124826500000004200105300100000071380081523200000000000042000000142000000443939    4                       1         
G0793003000026716    2019012220190124826700000001300105300100000070936081480900000000000013000000142000000453939    4                       1         
G0793003000026716    2019012220190124826600000004150105300100000071178081503600000000000041500000142000000463939    4                       1         
G0793003000026716    2019012220190124826200000009500105300100000070384035656300000000000095000000142000000471829    4                       1         
G0793003000026716    2019012220190124826700000004500105300100000070088035636300000000000045000000142000000481829    4                       1         
G0793003000026716    2019012220190124826000000003850105300100000060464002485400000000000038500000142000000493738    4                       1         
G0793003000026716    2019012220190124826900000003850105300100000060697002504700000000000038500000142000000503738    4                       1         
G0793003000026716    2019012220190124826300000003750105300100000060658002501100000000000037500000142000000513738    4                       1         
G0793003000026716    2019012220190124826500000003750105300100000060999002025700000000000037500000142000000523738    4                       1         
G0793003000026716    2019012220190124826200000001300105300100000070810035687100000000000013000000142000000531829    4                       1         
G0793003000026716    2019012220190124826400000003750105300100000060604002496600000000000037500000142000000543738    4                       1         
G0793003000026716    2019012220190124826300000003850105300100000060692002504300000000000038500000142000000553738    4                       1         
G0793003000026716    2019012220190124826400000016100105300100000070377035655600000000000161000000142000000561829    4                       1         
G0793003000026716    2019012220190124826900000008600105300100000070553035668500000000000086000000142000000571829    4                       1         
G0793003000026716    2019012220190124826500000003200105300100000004170006747400000000000032000000142000000583863    4                       1         
G0793003000026716    2019012220190124826000000005850105300100000003070006737300000000000058500000142000000593863    4                       1         
G0793003000026716    2019012220190124826000000006650105300100000071043035703300000000000066500000142000000601829    4                       1         
G0793003000026716    2019012220190124826800000004250105300100000070892035692200000000000042500000142000000611829    4                       1         
G0793003000026716    2019012220190124826600000001250105300100000070464035662300000000000012500000142000000621829    4                       1         
G0793003000026716    2019012220190124826500000005850105300100000001860006654400000000000058500000142000000633863    4                       1         
G0793003000026716    2019012220190124826500000004250105300100000070498035664900000000000042500000142000000641829    4                       1         
G0793003000026716    2019012220190124826900000007700105300100000003210006738700000000000077000000142000000653863    4                       1         
G0793003000026716    2019012220190124826900000006250105300100000001015006717800000000000062500000142000000663863    4                       1         
G0793003000026716    2019012220190124826400000005950105300100000070188035641600000000000059500000142000000671829    4                       1         
G0793003000026716    2019012220190124826500000007200105300100000003770006743900000000000072000000142000000683863    4                       1         
G0793003000026716    2019012220190124826400000004100105300100000070629035673600000000000041000000142000000691829    4                       1         
G0793003000026716    2019012220190124826800000003100105300100000002020006727300000000000031000000142000000703863    4                       1         
G0793003000026716    2019012220190124826700000004800105300100000002190006729000000000000048000000142000000713863    4                       1         
G0793003000026716    2019012220190124826400000002400105300100000070451035705900000000000024000000142000000721829    4                       1         
G0793003000026716    2019012220190124826400000001250105300100000070508035665600000000000012500000142000000731829    4                       1         
G0793003000026716    2019012220190124826900000003200105300100000002370006730700000000000032000000142000000743863    4                       1         
G0793003000026716    2019012220190124826100000005600105300100000070657035675500000000000056000000142000000751829    4                       1         
G0793003000026716    2019012220190124826800000010750105300100000070795035686100000000000107500000142000000761829    4                       1         
G0793003000026716    2019012220190124826200000001150105300100000060668002502000000000000011500000142000000773738    4                       1         
G0793003000026716    2019012220190124826100000003950105300100000061019002430000000000000039500000142000000783738    4                       1         
G0793003000026716    2019012220190124826100000001100105300100000060213002463900000000000011000000142000000793738    4                       1         
G0793003000026716    2019012220190124826700000004900105300100000060470002486000000000000049000000142000000803738    4                       1         
G0793003000026716    2019012220190124826600000004000105300100000060999002122100000000000040000000142000000813738    4                       1         
G0793003000026716    2019012220190124826400000003750105300100000061138002543900000000000037500000142000000823738    4                       1         
G0793003000026716    2019012220190124826300000006700105300100000070166035639700000000000067000000142000000831829    4                       1         
G0793003000026716    2019012220190124826800000006350105320190103071045035703500100000000063500000142000000841829    4                       1         
G0793003000026716    2019012220190124826500000001250105320190204070464035738800100000000012500000142000000851829    4                       1         
G0793003000026716    2019012220190124826000000004700105320190205003220006809100100000000047000000142000000863863    4                       1         
G0793003000026716    2019012220190124826000000004700105320190205000840006787200100000000047000000142000000873863    4                       1         
G0793003000026716    2019012220190124826800000001250105320190204070508035742300100000000012500000142000000881829    4                       1         
G0793003000026716    2019012220190124826700000001800105320190204071026035779900100000000018000000142000000891829    4                       1         
G0793003000026716    2019012220190124826500000008250105320190204070962035775600100000000082500000142000000901829    4                       1         
G0793003000026716    2019012220190124826000000003100105320190205002170006799200100000000031000000142000000913863    4                       1         
G0793003000026716    2019012220190124826500000004700105320190205003570006812400100000000047000000142000000923863    4                       1         
G0793003000026716    2019012220190124826500000006300105320190204071045035781400100000000063000000142000000931829    4                       1         
G0793003000026716    2019012220190124826100000003100105320190205006012006850100100000000031000000142000000943863    4                       1         
G0793003000026716    2019012220190124826800000003100105320190105005607006765600100000000031000000142000000953863    4                       1         
G0793003000026716    2019012220190124826900000004050105320190204070233035720900100000000040500000142000000961829    4                       1         
G0793003000026716    2019012220190124826400000005150105320190204070223035720100100000000051500000142000000971829    4                       1         
G0793003000026716    2019012220190124826300000004050105320190204070501035741700100000000040500000142000000981829    4                       1         
G0793003000026716    2019012220190124826000000004150105320190204070900035770400100000000041500000142000000991829    4                       1         
G0793003000026716    2019012220190124826200000001250105320190204070269035783500100000000012500000142000001001829    4                       1         
G0793003000026716    2019012220190124826800000004300105320190114000784010314100100000000043000000142000001011829    4                       1         
G0793003000026716    2019012220190124826100000009700105320190204070666035753300100000000097000000142000001021829    4                       1         
G0793003000026716    2019012220190124826400000004200105320190114001147010336500100000000042000000142000001031829    4                       1         
G0793003000026716    2019012220190124826200000010400105320190204070116035713500100000000104000000142000001041829    4                       1         
G0793003000026716    2019012220190124826000000008600105320181213000016010130900100000000086000000142000001051829    4                       1         
G0793003000026716    2019012220190124826200000001250105320190204070465035738900100000000012500000142000001061829    4                       1         
G0793003000026716    2019012220190124826400000005550105320190103002108000514800100000000055500000142000001071141    4                       1         
G0793003000026716    2019012220190124826700000004200105320190201001116000616500100000000042000000142000001081141    4                       1         
G0793003000026716    2019012220190124826700000004200105320190201000511000569500100000000042000000142000001091141    4                       1         
G0793003000026716    2019012220190124826700000004200105320190201000088000536200100000000042000000142000001101141    4                       1         
G0793003000026716    2019012220190124826600000004300105320190201001502000642500100000000043000000142000001111141    4                       1         
G0793003000026716    2019012220190124826300000009700105320190204070384035732500100000000097000000142000001121829    4                       1         
G0793003000026716    2019012220190124826000000004050105320190204070772035761700100000000040500000142000001131829    4                       1         
G0793003000026716    2019012220190124826100000004700105320190205002951006806500100000000047000000142000001143863    4                       1         
G0793003000026716    2019012220190124826000000005950105320190114000081010263500100000000059500000142000001151829    4                       1         
G0793003000026716    2019012220190124826000000005350105320190114001513010360700100000000053500000142000001161829    4                       1         
G0793003000026716    2019012220190124826400000005950105320190114000643010302500100000000059500000142000001171829    4                       1         
G0793003000026716    2019012220190124826200000007850105320190114001753010375300100000000078500000142000001181829    4                       1         
G0793003000026716    2019012220190124826500000014400105320181203001550000306700100000000144000000142000001191141    4                       1         
G0793003000026716    2019012220190124826500000003700105320190205002495006802300100000000037000000142000001203863    4                       1         
G0793003000026716    2019012220190124826500000011000105320190103000605000407100100000000110000000142000001211141    4                       1         
G0793003000026716    2019012220190124826000000004700105320190205000460006783800100000000047000000142000001223863    4                       1         
G0793003000026716    2019012220190124826100000004200105320181221000671014151600100000000042000000142000001233089    4                       1         
G0793003000026716    2019012220190124826200000004200105320181221000265014113500100000000042000000142000001243089    4                       1         
G0793003000026716    2019012220190124826700000003100105320190205001270006791300100000000031000000142000001253863    4                       1         
G0793003000026716    2019012220190124826100000004150105320190204000602002584500100000000041500000142000001261116    4                       1         
G0793003000026716    2019012220190124826200000001300105320190121000902014256200100000000013000000142000001273089    4                       1         
G0793003000026716    2019012220190124826100000004800105320190121000638014234100100000000048000000142000001283089    4                       1         
G0793003000026716    2019012220190124826200000004150105320190103000352002521000100000000041500000142000001291116    4                       1         
G0793003000026716    2019012220190124826100000006000105320190204000111002556300100000000060000000142000001301116    4                       1         
G0793003000026716    2019012220190124826700000003100105320190205000080006780500100000000031000000142000001313863    4                       1         
G0793003000026716    2019012220190124826100000004800105320190121000190014194000100000000048000000142000001323089    4                       1         
G0793003000026716    2019012220190124826100000004200105320181221000330014119800100000000042000000142000001333089    4                       1         
G0793003000026716    2019012220190124826100000001300105320181221000959014175600100000000013000000142000001343089    4                       1         
G0793003000026716    2019012220190124826800000004200105320190115000022018001700100000000042000000142000001351141    4                       1         
G0793003000026716    2019012220190124826400000004200105320190115000632018052900100000000042000000142000001361141    4                       1         
G0793003000026716    2019012220190124826200000004200105320181221000477014133500100000000042000000142000001373089    4                       1         
G0793003000026716    2019012220190124826200000004300105320190121000805014248800100000000043000000142000001383089    4                       1         
G0793003000026716    2019012220190124826300000004200105320190115000676018056600100000000042000000142000001391141    4                       1         
G0793003000026716    2019012220190124826200000004200105320190121000593014229800100000000042000000142000001403089    4                       1         
G0793003000026716    2019012220190124826200000004200105320181221000380014124400100000000042000000142000001413089    4                       1         
G0793003000026716    2019012220190124826300000004300105320190103001933000503000100000000043000000142000001421141    4                       1         
G0793003000026716    2019012220190124826900000002550105320190121000572014228300100000000025500000142000001433089    4                       1         
G0793003000026716    2019012220190124826800000009750105320190121000001014176600100000000097500000142000001443089    4                       1         
G0793003000026716    2019012220190124826500000008600105320190115000122018010600100000000086000000142000001451141    4                       1         
G0793003000026716    2019012220190124826100000005300105320190103000630002537600100000000053000000142000001461116    4                       1         
G0793003000026716    2019012220190124826100000004150105320190204000631002586200100000000041500000142000001471116    4                       1         
G0793003000026716    2019012220190124826800000004150105320190103000741002544800100000000041500000142000001481116    4                       1         
G0793003000026716    2019012220190124826800000005400105320181221000339014120600100000000054000000142000001493089    4                       1         
G0793003000026716    2019012220190124826800000004150105320190103000722002543500100000000041500000142000001501116    4                       1         
G0793003000026716    2019012220190124826000000004150105320190103000573002534000100000000041500000142000001511116    4                       1         
G0793003000026716    2019012220190124826700000010700105320190204000340002569600100000000107000000142000001521116    4                       1         
G0793003000026716    2019012220190124826900000004150105320190204000578002583200100000000041500000142000001531116    4                       1         
G0793003000026716    2019012220190124826700000004150105320190103000341002520000100000000041500000142000001541116    4                       1         
G0793003000026716    2019012220190124826600000004150105320190103000328002519500100000000041500000142000001551116    4                       1         
G0793003000026716    2019012220190124826000000004150105320190204000420002573700100000000041500000142000001561116    4                       1         
G0793003000026716    2019012220190124826000000004150105320190204000328002569200100000000041500000142000001571116    4                       1         
G0793003000026716    2019012220190124826300000004200105320190103000073000364500100000000042000000142000001581141    4                       1         
G0793003000026716    2019012220190124826700000003200105320190205005250006827400100000000032000000142000001590793    4                       1         
G0793003000026716    2019012220190124826900000004400105320190103001329000459900100000000044000000142000001601141    4                       1         
G0793003000026716    2019012220190124826900000004200105320190201000937000603600100000000042000000142000001611141    4                       1         
G0793003000026716    2019012220190124826900000004300105320190103000894000428700100000000043000000142000001621141    4                       1         
G0793003000026716    2019012220190124826900000004200105320190201002149000688500100000000042000000142000001631141    4                       1         
G0793003000026716    2019012220190124826500000004350105320190103000739000417000100000000043500000142000001641141    4                       1         
G0793003000026716    2019012220190124826100000004300105320190103000230000375900100000000043000000142000001651141    4                       1         
G0793003000026716    2019012220190124826800000004200105320190201000066000534500100000000042000000142000001661141    4                       1         
G0793003000026716    2019012220190124826200000004350105320190103001495000471400100000000043500000142000001671141    4                       1         
G0793003000026716    2019012220190124826100000006700105320190103000282000380000100000000067000000142000001681141    4                       1         
G0793003000026716    2019012220190124826800000004200105320181203000739000243800100000000042000000142000001691141    4                       1         
G0793003000026716    2019012220190124826700000009950105320190103000796000421700100000000099500000142000001701141    4                       1         
G0793003000026716    2019012220190124826500000004300105320190103001432000466900100000000043000000142000001711141    4                       1         
G0793003000026716    2019012220190124826500000004200105320190201000091000536500100000000042000000142000001721141    4                       1         
G0793003000026716    2019012220190124826100000004400105320190103000210000374600100000000044000000142000001731141    4                       1         
G0793003000026716    2019012220190124826100000004300105320190103001434000467000100000000043000000142000001741141    4                       1         
G0793003000026716    2019012220190124826900000004800105320190103001070000441800100000000048000000142000001751141    4                       1         
G0793003000026716    2019012220190124826900000004400105320190103000220000375100100000000044000000142000001761141    4                       1         
G0793003000026716    2019012220190124826900000004200105320190103001118000445600100000000042000000142000001771141    4                       1         
G0793003000026716    2019012220190124826500000004200105320190103000810000422800100000000042000000142000001781141    4                       1         
G0793003000026716    2019012220190124826200000004800105320190201000572000574900100000000048000000142000001791141    4                       1         
G0793003000026716    2019012220190124826200000009650105320190103001550000475100100000000096500000142000001801141    4                       1         
G0793003000026716    2019012220190124826300000004050105320190124070348020277600100000000040500000142000001811829    4                       1         
G0793003000026716    2019012220190124826300000004200105320190115000776022068000100000000042000000142000001823738    4                       1         
G0793003000026716    2019012220190124826100000004200105320190115000576022051600100000000042000000142000001833738    4                       1         
G0793003000026716    2019012220190124826200000010850105320190115000634022056800100000000108500000142000001843738    4                       1         
G0793003000026716    2019012220190124826500000004200105320190115000508022045500100000000042000000142000001853738    4                       1         
G0793003000026716    2019012220190124826900000004200105320190115000419022037700100000000042000000142000001863738    4                       1         
G0793003000026716    2019012220190124826600000005950105320181221000045014092400100000000059500000142000001873089    4                       1         
G0793003000026716    2019012220190124826600000005350105320181221000948014174600100000000053500000142000001883089    4                       1         
G0793003000026716    2019012220190124826600000004600105320190121000380014210800100000000046000000142000001893089    4                       1         
G0793003000026716    2019012220190124826600000004400105320190121000217014196300100000000044000000142000001903089    4                       1         
G0793003000026716    2019012220190124826600000004200105320181221000494014135200100000000042000000142000001913089    4                       1         
G0793003000026716    2019012220190124826600000001600105320190121000288014202300100000000016000000142000001923089    4                       1         
G0793003000026716    2019012220190124826500000011200105320190121000711014241000100000000112000000142000001933089    4                       1         
G0793003000026716    2019012220190124826500000010850105320181221000953014175000100000000108500000142000001943089    4                       1         
G0793003000026716    2019012220190124826000000004200105320190121000262014200100100000000042000000142000001953089    4                       1         
G0793003000026716    2019012220190124826400000004200105320190121000921014257600100000000042000000142000001963089    4                       1         
G0793003000026716    2019012220190124826400000004200105320181221000433014129400100000000042000000142000001973089    4                       1         
G0793003000026716    2019012220190124826400000004200105320181221000224014109700100000000042000000142000001983089    4                       1         
G0793003000026716    2019012220190124826300000006100105320190121000778014246400100000000061000000142000001993089    4                       1         
G0793003000026716    2019012220190124826300000004350105320190121000494014221100100000000043500000142000002003089    4                       1         
G0793003000026716    2019012220190124826300000004300105320181221000872014168400100000000043000000142000002013089    4                       1         
G0793003000026716    2019012220190124826300000004200105320190121000692014239200100000000042000000142000002023089    4                       1         
G0793003000026716    2019012220190124826300000004200105320181221000753014158700100000000042000000142000002033089    4                       1         
G0793003000026716    2019012220190124826300000004200105320181221000277014114700100000000042000000142000002043089    4                       1         
G0793003000026716    2019012220190124826000000004200105320181221000892014176400100000000042000000142000002053089    4                       1         
G0793003000026716    2019012220190124826000000002450105320181221000288014115700100000000024500000142000002063089    4                       1         
G0793003000026716    2019012220190124826200000005550105320190103002071000512200100000000055500000142000002071141    4                       1         
G0793003000026716    2019012220190124826200000005300105320190103000835000424700100000000053000000142000002081141    4                       1         
G0793003000026716    2019012220190124826000000004200105320190103001946000503900100000000042000000142000002091141    4                       1         
G0793003000026716    2019012220190124826700000004300105320190114000849010319500100000000043000000142000002101829    4                       1         
G0793003000026716    2019012220190124826100000008600105320190114000016010259200100000000086000000142000002111829    4                       1         
G0793003000026716    2019012220190124826900000004300105320190114001260010343800100000000043000000142000002121829    4                       1         
G0793003000026716    2019012220190124826800000004900105320190121000005014176900100000000049000000142000002133089    4                       1         
G0793003000026716    2019012220190124826800000004600105320190121000167014191800100000000046000000142000002143089    4                       1         
G0793003000026716    2019012220190124826800000004350105320190121000671014237200100000000043500000142000002153089    4                       1         
G0793003000026716    2019012220190124826800000004300105320190121000477014219600100000000043000000142000002163089    4                       1         
G0793003000026716    2019012220190124826800000004200105320181221000933014173200100000000042000000142000002173089    4                       1         
G0793003000026716    2019012220190124826800000004200105320181221000778014160800100000000042000000142000002183089    4                       1         
G0793003000026716    2019012220190124826800000001300105320190121000457014217700100000000013000000142000002193089    4                       1         
G0793003000026716    2019012220190124826800000001300105320181221000572014142600100000000013000000142000002203089    4                       1         
G0793003000026716    2019012220190124826000000012600105320181221000001014088100100000000126000000142000002213089    4                       1         
G0793003000026716    2019012220190124826000000004200105320181221000864014167600100000000042000000142000002223089    4                       1         
G0793003000026716    2019012220190124826400000007300105320190121000524014223800100000000073000000142000002233089    4                       1         
G0793003000026716    2019012220190124826700000009700105320190121000396014212200100000000097000000142000002243089    4                       1         
G0793003000026716    2019012220190124826700000008600105320181221000035014091400100000000086000000142000002253089    4                       1         
G0793003000026716    2019012220190124826700000007850105320181221000706014154900100000000078500000142000002263089    4                       1         
G0793003000026716    2019012220190124826700000006050105320190121000433014215400100000000060500000142000002273089    4                       1         
G0793003000026716    2019012220190124826900000014650105320190121000706014240600100000000146500000142000002283089    4                       1         
G0793003000026716    2019012220190124826500000006550105320181221000199014107400100000000065500000142000002293089    4                       1         
G0793003000026716    2019012220190124826900000007250105320190121000134014188800100000000072500000142000002303089    4                       1         
G0793003000026716    2019012220190124826900000005350105320190121000386014211300100000000053500000142000002313089    4                       1         
G0793003000026716    2019012220190124826900000004350105320190121000668014236900100000000043500000142000002323089    4                       1         
G0793003000026716    2019012220190124826900000004300105320190121000790014247400100000000043000000142000002333089    4                       1         
G0793003000026716    2019012220190124826900000004300105320190121000753014244300100000000043000000142000002343089    4                       1         
G0793003000026716    2019012220190124826900000004300105320181221000496014135400100000000043000000142000002353089    4                       1         
G0793003000026716    2019012220190124826900000004200105320190121000496014221300100000000042000000142000002363089    4                       1         
G0793003000026716    2019012220190124826900000004200105320190121000127014188200100000000042000000142000002373089    4                       1         
G0793003000026716    2019012220190124826900000004200105320181221000254014112400100000000042000000142000002383089    4                       1         
G0793003000026716    2019012220190124826900000004200105320181221000053014093200100000000042000000142000002393089    4                       1         
G0793003000026716    2019012220190124826500000004200105320190121000948014259900100000000042000000142000002403089    4                       1         
G0793003000026716    2019012220190124826500000004200105320190121000620014232300100000000042000000142000002413089    4                       1         
G0793003000026716    2019012220190124826000000006550105320190121000766014245500100000000065500000142000002423089    4                       1         
G0793003000026716    2019012220190124826000000005950105320181221000524014138000100000000059500000142000002433089    4                       1         
G0793003000026716    2019012220190124826000000005800105320190121000953014260200100000000058000000142000002443089    4                       1         
G0793003000026716    2019012220190124826400000015650105320190121000232014197500100000000156500000142000002453089    4                       1         
G0793003000026716    2019012220190124826400000005350105320181221000805014163000100000000053500000142000002463089    4                       1         
G0793003000026716    2019012220190124826400000004350105320190121000277014201400100000000043500000142000002473089    4                       1         
G0793003000026716    2019012220190124826400000004300105320181221000386014124900100000000043000000142000002483089    4                       1         
G0793003000026716    2019012220190124826000000004300105320190121000265014200400100000000043000000142000002493089    4                       1         
G0793003000026716    2019012220190124826700000004200105320190121000363014209200100000000042000000142000002503089    4                       1         
G0793003000026716    2019012220190124826700000004200105320181221000921014172000100000000042000000142000002513089    4                       1         
G0793003000026716    2019012220190124826700000001450105320190121000651014235300100000000014500000142000002523089    4                       1         
G0793003000026716    2019012220190124826600000010850105320181221000711014155300100000000108500000142000002533089    4                       1         
G0793003000026716    2019012220190124826600000005950105320190121000366014209500100000000059500000142000002543089    4                       1         
G0793003000026716    2019012220190124826500000004200105320190114001717010373200100000000042000000142000002551829    4                       1         
G0793003000026716    2019012220190124826500000004200105320190115000719018059800100000000042000000142000002562525    4                       1         
G0793003000026716    2019012220190124826000000004350105320190103001980000506500100000000043500000142000002571141    4                       1         
G0793003000026716    2019012220190124826800000003200105320190205005340006828400100000000032000000142000002580793    4                       1         
G0793003000026716    2019012220190124826500000004200105320190114000717010308300100000000042000000142000002591829    4                       1         
G0793003000026716    2019012220190124826200000003850105320181107000226000022100100000000038500000142000002604481    4                       1         
G0793003000026716    2019012220190124826800000003850105320181206000601095571300100000000038500000142000002614481    4                       1         
G0793003000026716    2019012220190124826800000003850105320181107000224000021900100000000038500000142000002624481    4                       1         
G0793003000026716    2019012220190124826900000003850105320181206000743095584900100000000038500000142000002634481    4                       1         
G0793003000026716    2019012220190124826900000003850105320181107000218000021300100000000038500000142000002644481    4                       1         
G0793003000026716    2019012220190124826900000003850105320181107000167000016200100000000038500000142000002654481    4                       1         
G0793003000026716    2019012220190124826500000003850105320181107001074000106900100000000038500000142000002664481    4                       1         
G0793003000026716    2019012220190124826700000003850105320181206000114095524700100000000038500000142000002674481    4                       1         
G0793003000026716    2019012220190124826700000003850105320181107000894000088900100000000038500000142000002684481    4                       1         
G0793003000026716    2019012220190124826700000003850105320181107000579000057400100000000038500000142000002694481    4                       1         
G0793003000026716    2019012220190124826600000005850105320181107000631000062600100000000058500000142000002704481    4                       1         
G0793003000026716    2019012220190124826600000003850105320181107000186000018100100000000038500000142000002714481    4                       1         
G0793003000026716    2019012220190124826300000003850105320181206001081095618600100000000038500000142000002724481    4                       1         
G0793003000026716    2019012220190124826300000003850105320181206000898095600400100000000038500000142000002734481    4                       1         
G0793003000026716    2019012220190124826300000003850105320181206000201095532600100000000038500000142000002744481    4                       1         
G0793003000026716    2019012220190124826000000003850105320181206000242095536600100000000038500000142000002754481    4                       1         
G0793003000026716    2019012220190124826200000004200105320190121000578014228800100000000042000000142000002763089    4                       1         
G0793003000026716    2019012220190124826400000009350105320181221000836014165600100000000093500000142000002773089    4                       1         
Z00027900000000001354350                                                                                                                              
