A2201053              HIDROFORTETOCANTINS 104CAIXA ECON. FEDERAL 2019012400153703                                                                     
G0793003000026716    2019012320190124826700000004150105300100000070985035699800000000000041500000142000000011829    3                       1         
G0793003000026716    2019012320190124826800000004300105300100000071509081535100000000000043000000142000000023458    3                       1         
G0793003000026716    2019012320190124826300000004200105300100000070475035663000000000000042000000142000000032525    3                       1         
G0793003000026716    2019012320190124826100000004200105300100000070130035638500000000000042000000142000000041829    3                       1         
G0793003000026716    2019012320190124826500000004150105320190103000045002502600100000000041500000142000000051116    3                       1         
G0793003000026716    2019012320190124826000000004150105320190204000045002553200100000000041500000142000000061116    3                       1         
G0793003000026716    2019012320190125826500000004650105300100000061332002561400000000000046500000142000000073738    4                       1         
G0793003000026716    2019012320190125826600000004800105300100000070313035651500000000000048000000142000000081829    4                       1         
G0793003000026716    2019012320190125826300000017500105300100000070463035662200000000000175000000142000000091829    4                       1         
G0793003000026716    2019012320190125826100000004650105300100000061279002556200000000000046500000142000000103738    4                       1         
G0793003000026716    2019012320190125826800000003200105300100000005975006776600000000000032000000142000000110946    4                       1         
G0793003000026716    2019012320190125826700000004850105300100000005564006762400000000000048500000142000000123863    4                       1         
G0793003000026716    2019012320190125826500000004200105300100000070444035660900000000000042000000142000000131829    4                       1         
G0793003000026716    2019012320190125826200000008950105300100000005570006762700000000000089500000142000000143863    4                       1         
G0793003000026716    2019012320190125826200000003400105300100000005685006769800000000000034000000142000000153863    4                       1         
G0793003000026716    2019012320190125826500000003200105300100000005973006776400000000000032000000142000000163863    4                       1         
G0793003000026716    2019012320190125826900000007550105300100000005573006763000000000000075500000142000000173863    4                       1         
G0793003000026716    2019012320190125826800000003200105300100000005845006772700000000000032000000142000000183863    4                       1         
G0793003000026716    2019012320190125826200000004200105300100000071795081735000000000000042000000142000000190996    4                       1         
G0793003000026716    2019012320190125826300000004200105300100000070570081445600000000000042000000142000000203939    4                       1         
G0793003000026716    2019012320190125826000000009150105300100000002270006729700000000000091500000142000000213863    4                       1         
G0793003000026716    2019012320190125826300000001350105300100000071030081662700000000000013500000142000000223939    4                       1         
G0793003000026716    2019012320190125826300000001250105300100000070680081629600000000000012500000142000000233939    4                       1         
G0793003000026716    2019012320190125826700000001300105300100000070991081658800000000000013000000142000000243939    4                       1         
G0793003000026716    2019012320190125826200000001250105300100000071062081665700000000000012500000142000000253939    4                       1         
G0793003000026716    2019012320190125826100000004200105300100000070777081466000000000000042000000142000000263939    4                       1         
G0793003000026716    2019012320190125826400000004650105300100000070301035650900000000000046500000142000000271829    4                       1         
G0793003000026716    2019012320190125826100000004050105300100000070284020272900000000000040500000142000000281829    4                       1         
G0793003000026716    2019012320190125826600000016150105300100000002880006735400000000000161500000142000000293863    4                       1         
G0793003000026716    2019012320190125826100000003050105300100000070415081431600000000000030500000142000000303939    4                       1         
G0793003000026716    2019012320190125826100000001250105300100000070446081607300000000000012500000142000000313939    4                       1         
G0793003000026716    2019012320190125826100000001250105300100000070275081591000000000000012500000142000000323939    4                       1         
G0793003000026716    2019012320190125826600000004100105300100000071371081522300000000000041000000142000000333939    4                       1         
G0793003000026716    2019012320190125826600000002950105300100000070262081589700000000000029500000142000000343939    4                       1         
G0793003000026716    2019012320190125826500000007050105300100000070414081431500000000000070500000142000000353939    4                       1         
G0793003000026716    2019012320190125826900000004950105300100000070277081418400000000000049500000142000000363939    4                       1         
G0793003000026716    2019012320190125826400000004650105300100000071144081673700000000000046500000142000000373939    4                       1         
G0793003000026716    2019012320190125826400000004100105300100000070600081621600000000000041000000142000000383939    4                       1         
G0793003000026716    2019012320190125826400000001250105300100000070974081657100000000000012500000142000000393939    4                       1         
G0793003000026716    2019012320190125826000000004650105300100000071655081549100000000000046500000142000000403939    4                       1         
G0793003000026716    2019012320190125826800000006350105300100000070615081623100000000000063500000142000000413939    4                       1         
G0793003000026716    2019012320190125826900000006350105300100000070493081438600000000000063500000142000000423939    4                       1         
G0793003000026716    2019012320190125826000000003850105300100000060054002458800000000000038500000142000000433738    4                       1         
G0793003000026716    2019012320190125826000000003750105300100000060396002585500000000000037500000142000000443738    4                       1         
G0793003000026716    2019012320190125826300000003850105300100000060564002493200000000000038500000142000000453738    4                       1         
G0793003000026716    2019012320190125826300000003750105300100000060348002581500000000000037500000142000000463738    4                       1         
G0793003000026716    2019012320190125826800000003750105300100000060356002582200000000000037500000142000000473738    4                       1         
G0793003000026716    2019012320190125826700000008800105300100000060675002502700000000000088000000142000000483738    4                       1         
G0793003000026716    2019012320190125826100000003750105300100000060258002574000000000000037500000142000000493738    4                       1         
G0793003000026716    2019012320190125826800000003750105300100000060484002593300000000000037500000142000000503738    4                       1         
G0793003000026716    2019012320190125826700000003900105300100000060230002465400000000000039000000142000000513738    4                       1         
G0793003000026716    2019012320190125826500000001150105300100000060519002490100000000000011500000142000000523738    4                       1         
G0793003000026716    2019012320190125826300000004000105300100000060603002496500000000000040000000142000000533738    4                       1         
G0793003000026716    2019012320190125826200000007750105300100000060232002465600000000000077500000142000000543738    4                       1         
G0793003000026716    2019012320190125826600000003750105300100000060634002499100000000000037500000142000000553738    4                       1         
G0793003000026716    2019012320190125826200000006850105300100000061172002546800000000000068500000142000000563738    4                       1         
G0793003000026716    2019012320190125826200000003850105300100000060642002499700000000000038500000142000000573738    4                       1         
G0793003000026716    2019012320190125826900000004050105300100000060215002464100000000000040500000142000000583738    4                       1         
G0793003000026716    2019012320190125826600000003750105300100000060747002616200000000000037500000142000000593738    4                       1         
G0793003000026716    2019012320190125826200000003850105300100000060528002490600000000000038500000142000000603738    4                       1         
G0793003000026716    2019012320190125826200000002850105300100000061216002550800000000000028500000142000000613738    4                       1         
G0793003000026716    2019012320190125826100000003750105300100000060153002460600000000000037500000142000000623738    4                       1         
G0793003000026716    2019012320190125826700000001150105300100000060549002492100000000000011500000142000000633738    4                       1         
G0793003000026716    2019012320190125826200000001150105300100000061190002548500000000000011500000142000000643738    4                       1         
G0793003000026716    2019012320190125826100000006750105300100000061014002533300000000000067500000142000000653738    4                       1         
G0793003000026716    2019012320190125826100000004950105300100000060076002459300000000000049500000142000000663738    4                       1         
G0793003000026716    2019012320190125826000000003750105300100000061014002429500000000000037500000142000000673738    4                       1         
G0793003000026716    2019012320190125826900000003900105300100000060227002571100000000000039000000142000000683738    4                       1         
G0793003000026716    2019012320190125826400000003850105300100000060727002507500000000000038500000142000000693738    4                       1         
G0793003000026716    2019012320190125826400000001150105300100000060621002498000000000000011500000142000000703738    4                       1         
G0793003000026716    2019012320190125826500000003800105300100000060594002495700000000000038000000142000000713738    4                       1         
G0793003000026716    2019012320190125826400000006050105300100000060405002480100000000000060500000142000000723738    4                       1         
G0793003000026716    2019012320190125826600000004750105300100000070083020232900000000000047500000142000000731829    4                       1         
G0793003000026716    2019012320190125826300000001300105300100000070301020274400000000000013000000142000000741829    4                       1         
G0793003000026716    2019012320190125826600000004250105300100000070381020252400000000000042500000142000000751829    4                       1         
G0793003000026716    2019012320190125826800000006600105300100000070403020254000000000000066000000142000000761829    4                       1         
G0793003000026716    2019012320190125826400000006400105300100000070131020235900000000000064000000142000000771829    4                       1         
G0793003000026716    2019012320190125826900000001300105300100000070397020280900000000000013000000142000000781829    4                       1         
G0793003000026716    2019012320190125826400000001150105300100000060267002468700000000000011500000142000000793738    4                       1         
G0793003000026716    2019012320190125826900000003750105300100000060418002587200000000000037500000142000000803738    4                       1         
G0793003000026716    2019012320190125826000000010850105320190114000369010284000100000000108500000142000000811829    4                       1         
G0793003000026716    2019012320190125826900000005350105320181221000830014165100100000000053500000142000000823089    4                       1         
G0793003000026716    2019012320190125826800000004200105320190115000358022032200100000000042000000142000000833738    4                       1         
G0793003000026716    2019012320190125826000000004200105320190115000460022041300100000000042000000142000000843738    4                       1         
G0793003000026716    2019012320190125826300000004200105320190115000034022002800100000000042000000142000000853738    4                       1         
G0793003000026716    2019012320190125826300000004200105320190115000821022070500100000000042000000142000000863738    4                       1         
G0793003000026716    2019012320190125826000000004200105320190115000533022047600100000000042000000142000000873738    4                       1         
G0793003000026716    2019012320190125826400000004200105320190115000588022052700100000000042000000142000000883738    4                       1         
G0793003000026716    2019012320190125826900000004750105320190121000830014250900100000000047500000142000000893089    4                       1         
G0793003000026716    2019012320190125826900000004300105320190121000356014208500100000000043000000142000000903089    4                       1         
G0793003000026716    2019012320190125826900000004200105320190121000872014254000100000000042000000142000000913089    4                       1         
G0793003000026716    2019012320190125826900000004200105320181221000761014159400100000000042000000142000000923089    4                       1         
G0793003000026716    2019012320190125826900000004200105320181221000552014140600100000000042000000142000000933089    4                       1         
G0793003000026716    2019012320190125826900000007850105320190121000179014193000100000000078500000142000000943089    4                       1         
G0793003000026716    2019012320190125826400000007850105320181221000672014151700100000000078500000142000000953089    4                       1         
G0793003000026716    2019012320190125826400000006050105320181221000178014105500100000000060500000142000000963089    4                       1         
G0793003000026716    2019012320190125826400000004800105320190121000528014224200100000000048000000142000000973089    4                       1         
G0793003000026716    2019012320190125826400000004300105320190121000761014245000100000000043000000142000000983089    4                       1         
G0793003000026716    2019012320190125826400000004300105320190121000175014192600100000000043000000142000000993089    4                       1         
G0793003000026716    2019012320190125826900000001450105320190121000895014255700100000000014500000142000001003089    4                       1         
G0793003000026716    2019012320190125826000000008600105320181121000493014047300100000000086000000142000001013089    4                       1         
G0793003000026716    2019012320190125826000000004200105320181221000645014149100100000000042000000142000001023089    4                       1         
G0793003000026716    2019012320190125826300000006550105320190121000460014218000100000000065500000142000001033089    4                       1         
G0793003000026716    2019012320190125826300000006100105320190121000238014198000100000000061000000142000001043089    4                       1         
G0793003000026716    2019012320190125826800000005450105320190121000317014204900100000000054500000142000001053089    4                       1         
G0793003000026716    2019012320190125826800000005350105320181221000655014150100100000000053500000142000001063089    4                       1         
G0793003000026716    2019012320190125826800000004300105320190121000803014248600100000000043000000142000001073089    4                       1         
G0793003000026716    2019012320190125826800000004300105320181221000528014138400100000000043000000142000001083089    4                       1         
G0793003000026716    2019012320190125826800000004200105320190121000840014251600100000000042000000142000001093089    4                       1         
G0793003000026716    2019012320190125826900000005500105320190121000645014234700100000000055000000142000001103089    4                       1         
G0793003000026716    2019012320190125826600000006550105320190114001614010366800100000000065500000142000001111829    4                       1         
G0793003000026716    2019012320190125826800000004200105320190201000559000573800100000000042000000142000001121141    4                       1         
G0793003000026716    2019012320190125826700000004300105320190103001901000500800100000000043000000142000001131141    4                       1         
G0793003000026716    2019012320190125826700000004200105320190201000717000586100100000000042000000142000001141141    4                       1         
G0793003000026716    2019012320190125826600000004800105320190114001437010355400100000000048000000142000001151829    4                       1         
G0793003000026716    2019012320190125826900000004800105320190114000696010306600100000000048000000142000001161829    4                       1         
G0793003000026716    2019012320190125826700000004200105320190201000454000564700100000000042000000142000001171141    4                       1         
G0793003000026716    2019012320190125826700000004200105320190201000345000555900100000000042000000142000001181141    4                       1         
G0793003000026716    2019012320190125826700000004200105320190201000112000538100100000000042000000142000001191141    4                       1         
G0793003000026716    2019012320190125826700000004200105320190103001682000484600100000000042000000142000001201141    4                       1         
G0793003000026716    2019012320190125826700000004200105320190103000838000425000100000000042000000142000001211141    4                       1         
G0793003000026716    2019012320190125826300000004350105320190201001347000632200100000000043500000142000001221141    4                       1         
G0793003000026716    2019012320190125826300000004300105320190103000034000362000100000000043000000142000001231141    4                       1         
G0793003000026716    2019012320190125826300000004200105320190201002202000692700100000000042000000142000001241141    4                       1         
G0793003000026716    2019012320190125826300000004200105320190201001153000619300100000000042000000142000001251141    4                       1         
G0793003000026716    2019012320190125826900000004200105320190114000536010294800100000000042000000142000001261829    4                       1         
G0793003000026716    2019012320190125826900000004200105320190114000222010274000100000000042000000142000001271829    4                       1         
G0793003000026716    2019012320190125826300000004200105320190201000056000533900100000000042000000142000001281141    4                       1         
G0793003000026716    2019012320190125826900000004200105320181213000807010190600100000000042000000142000001291829    4                       1         
G0793003000026716    2019012320190125826800000004300105320190114001457010356700100000000043000000142000001301829    4                       1         
G0793003000026716    2019012320190125826800000004200105320190114001239010342400100000000042000000142000001311829    4                       1         
G0793003000026716    2019012320190125826300000004200105320190103000600000406600100000000042000000142000001321141    4                       1         
G0793003000026716    2019012320190125826200000008600105320190201000556000573600100000000086000000142000001331141    4                       1         
G0793003000026716    2019012320190125826200000004200105320190201001034000610500100000000042000000142000001341141    4                       1         
G0793003000026716    2019012320190125826200000004200105320190201000447000564000100000000042000000142000001351141    4                       1         
G0793003000026716    2019012320190125826200000004200105320190201000092000536600100000000042000000142000001361141    4                       1         
G0793003000026716    2019012320190125826100000013600105320190103001871000498500100000000136000000142000001371141    4                       1         
G0793003000026716    2019012320190125826100000006550105320190201000684000583500100000000065500000142000001381141    4                       1         
G0793003000026716    2019012320190125826100000005350105320190103001698000485700100000000053500000142000001391141    4                       1         
G0793003000026716    2019012320190125826900000007300105320190114000015010259100100000000073000000142000001401829    4                       1         
G0793003000026716    2019012320190125826100000004350105320190103001763000490500100000000043500000142000001411141    4                       1         
G0793003000026716    2019012320190125826200000004600105320190204070758035760800100000000046000000142000001421829    4                       1         
G0793003000026716    2019012320190125826800000003100105320190205004460006820200100000000031000000142000001433863    4                       1         
G0793003000026716    2019012320190125826100000004300105320190201000415000561500100000000043000000142000001441141    4                       1         
G0793003000026716    2019012320190125826100000004300105320190103000331000383800100000000043000000142000001451141    4                       1         
G0793003000026716    2019012320190125826400000003500105320190204070325035728600100000000035000000142000001461829    4                       1         
G0793003000026716    2019012320190125826000000003850105320181107000404000039900100000000038500000142000001474481    4                       1         
G0793003000026716    2019012320190125826300000003850105320181107000466000046100100000000038500000142000001484481    4                       1         
G0793003000026716    2019012320190125826800000003850105320181206000449095556500100000000038500000142000001494481    4                       1         
G0793003000026716    2019012320190125826800000003850105320181206000354095547300100000000038500000142000001504481    4                       1         
G0793003000026716    2019012320190125826800000003850105320181107000164000015900100000000038500000142000001514481    4                       1         
G0793003000026716    2019012320190125826700000003850105320181107000288000028300100000000038500000142000001524481    4                       1         
G0793003000026716    2019012320190125826300000003850105320181206000489095560500100000000038500000142000001534481    4                       1         
G0793003000026716    2019012320190125826200000003850105320181206000164095529200100000000038500000142000001544481    4                       1         
G0793003000026716    2019012320190125826200000003850105320181107000442000043700100000000038500000142000001554481    4                       1         
G0793003000026716    2019012320190125826200000003850105320181107000433000042800100000000038500000142000001564481    4                       1         
G0793003000026716    2019012320190125826800000004050105320190204070633035750900100000000040500000142000001571829    4                       1         
G0793003000026716    2019012320190125826100000003850105320181107000449000044400100000000038500000142000001584481    4                       1         
G0793003000026716    2019012320190125826200000003100105320190205000280006782100100000000031000000142000001593863    4                       1         
G0793003000026716    2019012320190125826100000003850105320181107000430000042500100000000038500000142000001604481    4                       1         
G0793003000026716    2019012320190125826000000003850105320181107000668000066300100000000038500000142000001614481    4                       1         
G0793003000026716    2019012320190125826700000001300105320190121000762014245100100000000013000000142000001623089    4                       1         
G0793003000026716    2019012320190125826300000003850105320181206000380095549800100000000038500000142000001634481    4                       1         
G0793003000026716    2019012320190125826100000003850105320181206001085095619000100000000038500000142000001644481    4                       1         
G0793003000026716    2019012320190125826300000003850105320181206000122095525400100000000038500000142000001654481    4                       1         
G0793003000026716    2019012320190125826700000003850105320181206000768095587400100000000038500000142000001664481    4                       1         
G0793003000026716    2019012320190125826700000003850105320181107000396000039100100000000038500000142000001674481    4                       1         
G0793003000026716    2019012320190125826300000004200105320190121000664014236500100000000042000000142000001683089    4                       1         
G0793003000026716    2019012320190125826100000003850105320181206000257095538100100000000038500000142000001694481    4                       1         
G0793003000026716    2019012320190125826600000003850105320181206000287095540800100000000038500000142000001704481    4                       1         
G0793003000026716    2019012320190125826600000003850105320181107000285000028000100000000038500000142000001714481    4                       1         
G0793003000026716    2019012320190125826800000001250105320190204070563035746200100000000012500000142000001721829    4                       1         
G0793003000026716    2019012320190125826700000009000105320190204070220035719900100000000090000000142000001731829    4                       1         
G0793003000026716    2019012320190125826700000004050105320190204070265035723900100000000040500000142000001741829    4                       1         
G0793003000026716    2019012320190125826200000004050105320190204070301035726800100000000040500000142000001751829    4                       1         
G0793003000026716    2019012320190125826100000007550105320190204070398035733500100000000075500000142000001761829    4                       1         
G0793003000026716    2019012320190125826600000006850105320190204070172035715900100000000068500000142000001771829    4                       1         
G0793003000026716    2019012320190125826100000004250105320190204070956035775200100000000042500000142000001781829    4                       1         
G0793003000026716    2019012320190125826100000004050105320190204070254035722900100000000040500000142000001791829    4                       1         
G0793003000026716    2019012320190125826900000003850105320181107000575000057000100000000038500000142000001804481    4                       1         
G0793003000026716    2019012320190125826000000003850105320181206000575095569000100000000038500000142000001814481    4                       1         
G0793003000026716    2019012320190125826500000003850105320181107000372000036700100000000038500000142000001824481    4                       1         
G0793003000026716    2019012320190125826500000003850105320181107000183000017800100000000038500000142000001834481    4                       1         
G0793003000026716    2019012320190125826800000004050105320190204070917035772000100000000040500000142000001841829    4                       1         
G0793003000026716    2019012320190125826700000004700105320190205003870006815000100000000047000000142000001853863    4                       1         
G0793003000026716    2019012320190125826700000004700105320190205001060006789300100000000047000000142000001863863    4                       1         
G0793003000026716    2019012320190125826300000006300105320190204070381035732200100000000063000000142000001871829    4                       1         
G0793003000026716    2019012320190125826400000004050105320190204070383035732400100000000040500000142000001881829    4                       1         
G0793003000026716    2019012320190125826400000004050105320190204070164035715200100000000040500000142000001891829    4                       1         
G0793003000026716    2019012320190125826800000004600105320190204070628035750500100000000046000000142000001901829    4                       1         
G0793003000026716    2019012320190125826000000003850105320181107000596000059100100000000038500000142000001914481    4                       1         
G0793003000026716    2019012320190125826900000004150105320190204070487035740800100000000041500000142000001921829    4                       1         
G0793003000026716    2019012320190125826500000004700105320190205001415006792700100000000047000000142000001933863    4                       1         
G0793003000026716    2019012320190125826100000004200105320190201001491000642000100000000042000000142000001941141    4                       1         
G0793003000026716    2019012320190125826100000004200105320190201000868000598500100000000042000000142000001951141    4                       1         
G0793003000026716    2019012320190125826100000004200105320190201000728000587200100000000042000000142000001961141    4                       1         
G0793003000026716    2019012320190125826100000004200105320190201000647000580900100000000042000000142000001971141    4                       1         
G0793003000026716    2019012320190125826100000004200105320190201000591000576500100000000042000000142000001981141    4                       1         
G0793003000026716    2019012320190125826600000006550105320190201000760000589800100000000065500000142000001991141    4                       1         
G0793003000026716    2019012320190125826000000001250105320190204070472035739500100000000012500000142000002001829    4                       1         
G0793003000026716    2019012320190125826600000004800105320190201000774000591000100000000048000000142000002011141    4                       1         
G0793003000026716    2019012320190125826600000004400105320190103000759000418600100000000044000000142000002021141    4                       1         
G0793003000026716    2019012320190125826600000004200105320190201000015000530900100000000042000000142000002031141    4                       1         
G0793003000026716    2019012320190125826700000003100105320190205004390006819600100000000031000000142000002043863    4                       1         
G0793003000026716    2019012320190125826600000004200105320190103000686000412900100000000042000000142000002051141    4                       1         
G0793003000026716    2019012320190125826500000012050105320190103001518000473100100000000120500000142000002061141    4                       1         
G0793003000026716    2019012320190125826500000005300105320190201002219000693900100000000053000000142000002071141    4                       1         
G0793003000026716    2019012320190125826500000004800105320190103001344000460800100000000048000000142000002081141    4                       1         
G0793003000026716    2019012320190125826500000004500105320190201000514000569800100000000045000000142000002091141    4                       1         
G0793003000026716    2019012320190125826900000004800105320190201000515000569900100000000048000000142000002101141    4                       1         
G0793003000026716    2019012320190125826300000003100105320190205004370006819500100000000031000000142000002113863    4                       1         
G0793003000026716    2019012320190125826600000003100105320190205005750006841800100000000031000000142000002123863    4                       1         
G0793003000026716    2019012320190125826600000003100105320190205003380006810800100000000031000000142000002133863    4                       1         
G0793003000026716    2019012320190125826400000004200105320190115000494018040500100000000042000000142000002141141    4                       1         
G0793003000026716    2019012320190125826600000004900105320190105001250006720400100000000049000000142000002153863    4                       1         
G0793003000026716    2019012320190125826900000004300105320190103001743000489100100000000043000000142000002161141    4                       1         
G0793003000026716    2019012320190125826900000004200105320190201000667000582200100000000042000000142000002171141    4                       1         
G0793003000026716    2019012320190125826400000007100105320190201001806000664200100000000071000000142000002181141    4                       1         
G0793003000026716    2019012320190125826300000004200105320190115000505018041400100000000042000000142000002191141    4                       1         
G0793003000026716    2019012320190125826900000004200105320190115000275018022600100000000042000000142000002201141    4                       1         
G0793003000026716    2019012320190125826100000004200105320190115000586018048700100000000042000000142000002211141    4                       1         
G0793003000026716    2019012320190125826500000004200105320190115000109018009300100000000042000000142000002221141    4                       1         
G0793003000026716    2019012320190125826400000004200105320190115000491018040200100000000042000000142000002231141    4                       1         
G0793003000026716    2019012320190125826700000004150105320190204000070002554200100000000041500000142000002241116    4                       1         
G0793003000026716    2019012320190125826100000004850105320190204000501002578200100000000048500000142000002251116    4                       1         
G0793003000026716    2019012320190125826700000001250105320190204000200002561600100000000012500000142000002261116    4                       1         
G0793003000026716    2019012320190125826600000004150105320190204000637002586600100000000041500000142000002271116    4                       1         
G0793003000026716    2019012320190125826600000004150105320190204000520002579100100000000041500000142000002281116    4                       1         
G0793003000026716    2019012320190125826600000004150105320190204000472002576600100000000041500000142000002291116    4                       1         
G0793003000026716    2019012320190125826600000004150105320190103000235002514400100000000041500000142000002301116    4                       1         
G0793003000026716    2019012320190125826900000004150105320190204000658002587600100000000041500000142000002311116    4                       1         
G0793003000026716    2019012320190125826900000004150105320190103000658002539200100000000041500000142000002321116    4                       1         
G0793003000026716    2019012320190125826400000007100105320190201000453000564600100000000071000000142000002331141    4                       1         
G0793003000026716    2019012320190125826400000005350105320190201001415000636600100000000053500000142000002341141    4                       1         
G0793003000026716    2019012320190125826400000004300105320190201001982000677000100000000043000000142000002351141    4                       1         
G0793003000026716    2019012320190125826400000004300105320190103000162000371100100000000043000000142000002361141    4                       1         
G0793003000026716    2019012320190125826400000004200105320190201001581000647600100000000042000000142000002371141    4                       1         
G0793003000026716    2019012320190125826400000004200105320190201000566000574500100000000042000000142000002381141    4                       1         
G0793003000026716    2019012320190125826500000004150105320190204000138002557600100000000041500000142000002391116    4                       1         
G0793003000026716    2019012320190125826300000010950105320190204000749002593500100000000109500000142000002401116    4                       1         
G0793003000026716    2019012320190125826000000004150105320190103000108002505900100000000041500000142000002411116    4                       1         
G0793003000026716    2019012320190125826300000004350105320190121000552014226300100000000043500000142000002423089    4                       1         
G0793003000026716    2019012320190125826700000007100105320190121000755014244500100000000071000000142000002433089    4                       1         
G0793003000026716    2019012320190125826700000004300105320190121000371014210000100000000043000000142000002443089    4                       1         
G0793003000026716    2019012320190125826700000004200105320181221000578014143100100000000042000000142000002453089    4                       1         
G0793003000026716    2019012320190125826300000004900105320190121000718014241600100000000049000000142000002463089    4                       1         
G0793003000026716    2019012320190125826300000004200105320181221000668014151300100000000042000000142000002473089    4                       1         
G0793003000026716    2019012320190125826700000001450105320190121000539014225300100000000014500000142000002483089    4                       1         
G0793003000026716    2019012320190125826700000001400105320190121000510014222600100000000014000000142000002493089    4                       1         
G0793003000026716    2019012320190125826300000031800105320190103000159000370800100000000318000000142000002501141    4                       1         
G0793003000026716    2019012320190125826300000012050105320190103000661000410800100000000120500000142000002511141    4                       1         
G0793003000026716    2019012320190125826300000007300105320190103000114000367500100000000073000000142000002521141    4                       1         
G0793003000026716    2019012320190125826000000007100105320190201001527000644500100000000071000000142000002531141    4                       1         
G0793003000026716    2019012320190125826000000004200105320190201001086000614300100000000042000000142000002541141    4                       1         
G0793003000026716    2019012320190125826000000004200105320190201000561000574000100000000042000000142000002551141    4                       1         
G0793003000026716    2019012320190125826000000004200105320190103000475000395500100000000042000000142000002561141    4                       1         
G0793003000026716    2019012320190125826800000005500105320190103001736000488400100000000055000000142000002571141    4                       1         
G0793003000026716    2019012320190125826800000004300105320190201000093000536700100000000043000000142000002581141    4                       1         
G0793003000026716    2019012320190125826800000004200105320190201001168000620500100000000042000000142000002591141    4                       1         
G0793003000026716    2019012320190125826800000004200105320190103001248000454700100000000042000000142000002601141    4                       1         
G0793003000026716    2019012320190125826900000005550105320190103001112000445100100000000055500000142000002611141    4                       1         
G0793003000026716    2019012320190125826900000005350105320190201000360000557000100000000053500000142000002621141    4                       1         
G0793003000026716    2019012320190125826400000004800105320190114000321010281000100000000048000000142000002631829    4                       1         
G0793003000026716    2019012320190125826300000005350105320190114000805010315800100000000053500000142000002641829    4                       1         
G0793003000026716    2019012320190125826700000001400105320190114001681010371000100000000014000000142000002651829    4                       1         
G0793003000026716    2019012320190125826200000004200105320181114000807010061300100000000042000000142000002661829    4                       1         
G0793003000026716    2019012320190125826100000004300105320190114000714010308100100000000043000000142000002671829    4                       1         
G0793003000026716    2019012320190125826700000001300105320181221000539014139500100000000013000000142000002683089    4                       1         
G0793003000026716    2019012320190125826700000001300105320181221000510014136800100000000013000000142000002693089    4                       1         
G0793003000026716    2019012320190125826200000004950105320190121000237014197900100000000049500000142000002703089    4                       1         
G0793003000026716    2019012320190125826200000004900105320181221000964014176100100000000049000000142000002713089    4                       1         
G0793003000026716    2019012320190125826200000004200105320181221000237014110900100000000042000000142000002723089    4                       1         
G0793003000026716    2019012320190125826100000011050105320190121000108014186600100000000110500000142000002733089    4                       1         
G0793003000026716    2019012320190125826800000004200105320181221000356014122200100000000042000000142000002743089    4                       1         
G0793003000026716    2019012320190125826100000004800105320190121000350014208000100000000048000000142000002753089    4                       1         
G0793003000026716    2019012320190125826600000009350105320181221000611014145800100000000093500000142000002763089    4                       1         
G0793003000026716    2019012320190125826600000004200105320190121000178014192900100000000042000000142000002773089    4                       1         
G0793003000026716    2019012320190125826600000004200105320181221000718014155900100000000042000000142000002783089    4                       1         
G0793003000026716    2019012320190125826600000001300105320181221000533014138900100000000013000000142000002793089    4                       1         
G0793003000026716    2019012320190125826500000005950105320190121000535014224900100000000059500000142000002803089    4                       1         
G0793003000026716    2019012320190125826500000005500105320190121000655014235700100000000055000000142000002813089    4                       1         
G0793003000026716    2019012320190125826500000004400105320190121000329014206000100000000044000000142000002823089    4                       1         
G0793003000026716    2019012320190125826500000004200105320190121000964014261200100000000042000000142000002833089    4                       1         
G0793003000026716    2019012320190125826500000004200105320181221000167014104400100000000042000000142000002843089    4                       1         
Z00028600000000001325300                                                                                                                              
