A2201053              HIDROFORTETOCANTINS 104CAIXA ECON. FEDERAL 2019012500153803                                                                     
G0793003000026716    2019012420190125826800000010100105320190121000286014202100100000000101000000142000000013089    2                       1         
G0793003000026716    2019012420190128826000000004100105300100000071639081547500000000000041000000142000000023939    4                       1         
G0793003000026716    2019012420190128826100000001800105300100000071715081727400000000000018000000142000000033939    4                       1         
G0793003000026716    2019012420190128826300000004250105300100000070508081439800000000000042500000142000000043939    4                       1         
G0793003000026716    2019012420190128826000000006900105300100000071255081684200000000000069000000142000000053939    4                       1         
G0793003000026716    2019012420190128826000000004200105300100000071304081689100000000000042000000142000000063939    4                       1         
G0793003000026716    2019012420190128826100000004100105300100000071490081706700000000000041000000142000000073939    4                       1         
G0793003000026716    2019012420190128826100000004100105300100000070422081605100000000000041000000142000000083939    4                       1         
G0793003000026716    2019012420190128826100000003000105300100000071149081501000000000000030000000142000000093939    4                       1         
G0793003000026716    2019012420190128826100000001300105300100000070916081479100000000000013000000142000000103939    4                       1         
G0793003000026716    2019012420190128826100000001250105300100000071643081720800000000000012500000142000000113939    4                       1         
G0793003000026716    2019012420190128826100000001250105300100000070180081587000000000000012500000142000000123939    4                       1         
G0793003000026716    2019012420190128826900000016850105300100000071880081743300000000000168500000142000000133939    4                       1         
G0793003000026716    2019012420190128826400000008650105300100000071977081579600000000000086500000142000000143939    4                       1         
G0793003000026716    2019012420190128826900000010950105300100000070695081458000000000000109500000142000000153939    4                       1         
G0793003000026716    2019012420190128826900000007900105300100000070795081467700000000000079000000142000000163939    4                       1         
G0793003000026716    2019012420190128826900000007650105300100000071648081721300000000000076500000142000000173939    4                       1         
G0793003000026716    2019012420190128826300000001300105300100000070270081417700000000000013000000142000000183939    4                       1         
G0793003000026716    2019012420190128826300000001250105300100000071927081748000000000000012500000142000000193939    4                       1         
G0793003000026716    2019012420190128826300000001250105300100000070876081648200000000000012500000142000000203939    4                       1         
G0793003000026716    2019012420190128826200000004250105300100000071871081569800000000000042500000142000000213939    4                       1         
G0793003000026716    2019012420190128826900000001250105300100000070507081612800000000000012500000142000000223939    4                       1         
G0793003000026716    2019012420190128826800000009050105300100000070943081654200000000000090500000142000000233939    4                       1         
G0793003000026716    2019012420190128826800000008800105300100000071898081572500000000000088000000142000000243939    4                       1         
G0793003000026716    2019012420190128826700000004200105300100000070444081434300000000000042000000142000000253939    4                       1         
G0793003000026716    2019012420190128826700000004100105300100000071971081752000000000000041000000142000000263939    4                       1         
G0793003000026716    2019012420190128826700000004100105300100000071885081743800000000000041000000142000000273939    4                       1         
G0793003000026716    2019012420190128826700000004100105300100000071824081737900000000000041000000142000000283939    4                       1         
G0793003000026716    2019012420190128826700000004100105300100000071672081723400000000000041000000142000000293939    4                       1         
G0793003000026716    2019012420190128826100000009050105300100000071580081714700000000000090500000142000000303939    4                       1         
G0793003000026716    2019012420190128826100000008350105300100000071116081670900000000000083500000142000000313939    4                       1         
G0793003000026716    2019012420190128826700000004100105300100000071532081537200000000000041000000142000000323939    4                       1         
G0793003000026716    2019012420190128826700000004100105300100000071284081687100000000000041000000142000000333939    4                       1         
G0793003000026716    2019012420190128826700000004100105300100000071214081680200000000000041000000142000000343939    4                       1         
G0793003000026716    2019012420190128826700000004100105300100000071044081664000000000000041000000142000000353939    4                       1         
G0793003000026716    2019012420190128826700000001250105300100000070878081648400000000000012500000142000000363939    4                       1         
G0793003000026716    2019012420190128826700000001250105300100000070625081624100000000000012500000142000000373939    4                       1         
G0793003000026716    2019012420190128826600000008650105300100000072014081755000000000000086500000142000000383939    4                       1         
G0793003000026716    2019012420190128826600000007900105300100000070741081462400000000000079000000142000000393939    4                       1         
G0793003000026716    2019012420190128826600000004100105300100000071952081750300000000000041000000142000000403939    4                       1         
G0793003000026716    2019012420190128826600000004100105300100000070786081639800000000000041000000142000000413939    4                       1         
G0793003000026716    2019012420190128826600000003500105300100000071025081662200000000000035000000142000000423939    4                       1         
G0793003000026716    2019012420190128826100000006900105300100000071137081673000000000000069000000142000000433939    4                       1         
G0793003000026716    2019012420190128826100000005600105300100000071981081579800000000000056000000142000000443939    4                       1         
G0793003000026716    2019012420190128826000000002400105300100000071405081699000000000000024000000142000000453939    4                       1         
G0793003000026716    2019012420190128826000000001300105300100000070086081413300000000000013000000142000000463939    4                       1         
G0793003000026716    2019012420190128826100000004200105300100000071565081540200000000000042000000142000000473939    4                       1         
G0793003000026716    2019012420190128826000000001250105300100000071919081747200000000000012500000142000000483939    4                       1         
G0793003000026716    2019012420190128826800000008350105300100000071244081683100000000000083500000142000000493939    4                       1         
G0793003000026716    2019012420190128826800000004250105300100000070750081463300000000000042500000142000000503939    4                       1         
G0793003000026716    2019012420190128826800000004100105300100000070764081637600000000000041000000142000000513939    4                       1         
G0793003000026716    2019012420190128826800000001250105300100000070477081610300000000000012500000142000000523939    4                       1         
G0793003000026716    2019012420190128826900000004100105300100000071056081665100000000000041000000142000000533939    4                       1         
G0793003000026716    2019012420190128826700000007850105300100000070649081453500000000000078500000142000000543939    4                       1         
G0793003000026716    2019012420190128826900000004100105300100000070434081433400000000000041000000142000000553939    4                       1         
G0793003000026716    2019012420190128826500000001250105300100000070935081653600000000000012500000142000000563939    4                       1         
G0793003000026716    2019012420190128826400000005600105300100000071986081580300000000000056000000142000000573939    4                       1         
G0793003000026716    2019012420190128826400000004100105300100000071948081749900000000000041000000142000000583939    4                       1         
G0793003000026716    2019012420190128826800000003200105300100000005647006768500000000000032000000142000000593863    4                       1         
G0793003000026716    2019012420190128826400000003200105300100000000990006717500000000000032000000142000000603863    4                       1         
G0793003000026716    2019012420190128826600000003350105300100000005510006759300000000000033500000142000000613863    4                       1         
G0793003000026716    2019012420190128826400000004100105300100000071807081736200000000000041000000142000000623939    4                       1         
G0793003000026716    2019012420190128826600000002950105300100000071725081728300000000000029500000142000000633939    4                       1         
G0793003000026716    2019012420190128826800000003100105300100000003130006737900000000000031000000142000000643863    4                       1         
G0793003000026716    2019012420190128826700000004700105300100000003280006739400000000000047000000142000000653863    4                       1         
G0793003000026716    2019012420190128826500000004700105300100000004080006746500000000000047000000142000000663863    4                       1         
G0793003000026716    2019012420190128826300000005100105300100000005568006762600000000000051000000142000000673863    4                       1         
G0793003000026716    2019012420190128826300000004800105300100000004465006750000000000000048000000142000000683863    4                       1         
G0793003000026716    2019012420190128826600000001350105300100000071085081668000000000000013500000142000000693939    4                       1         
G0793003000026716    2019012420190128826600000001250105300100000071801081735600000000000012500000142000000703939    4                       1         
G0793003000026716    2019012420190128826600000001250105300100000070462081608900000000000012500000142000000713939    4                       1         
G0793003000026716    2019012420190128826500000004950105300100000071063081492800000000000049500000142000000723939    4                       1         
G0793003000026716    2019012420190128826900000003200105300100000002300006730000000000000032000000142000000733863    4                       1         
G0793003000026716    2019012420190128826500000004650105300100000070677081629300000000000046500000142000000743939    4                       1         
G0793003000026716    2019012420190128826500000004200105300100000071736081556700000000000042000000142000000753939    4                       1         
G0793003000026716    2019012420190128826400000004100105300100000071448081702900000000000041000000142000000763939    4                       1         
G0793003000026716    2019012420190128826400000004100105300100000071193081678300000000000041000000142000000773939    4                       1         
G0793003000026716    2019012420190128826400000004100105300100000070372081600200000000000041000000142000000783939    4                       1         
G0793003000026716    2019012420190128826400000001250105300100000071059081665400000000000012500000142000000793939    4                       1         
G0793003000026716    2019012420190128826500000004200105300100000071736081556700000000000042000000142000000803939    4                       1         
G0793003000026716    2019012420190128826200000003500105300100000070994081659100000000000035000000142000000813939    4                       1         
G0793003000026716    2019012420190128826400000003550105300100000005955006775400000000000035500000142000000823863    4                       1         
G0793003000026716    2019012420190128826200000001300105300100000070013081583300000000000013000000142000000833939    4                       1         
G0793003000026716    2019012420190128826200000003850105300100000060931002526100000000000038500000142000000843738    4                       1         
G0793003000026716    2019012420190128826100000003750105300100000060724002613900000000000037500000142000000853738    4                       1         
G0793003000026716    2019012420190128826100000003750105300100000060558002598900000000000037500000142000000863738    4                       1         
G0793003000026716    2019012420190128826100000001100105300100000060324002579300000000000011000000142000000873738    4                       1         
G0793003000026716    2019012420190128826300000003850105300100000060850002518400000000000038500000142000000883738    4                       1         
G0793003000026716    2019012420190128826000000003750105300100000060186002567800000000000037500000142000000893738    4                       1         
G0793003000026716    2019012420190128826300000003750105300100000061133002650200000000000037500000142000000903738    4                       1         
G0793003000026716    2019012420190128826300000003750105300100000060115002460400000000000037500000142000000913738    4                       1         
G0793003000026716    2019012420190128826400000003850105300100000060644002606500000000000038500000142000000923738    4                       1         
G0793003000026716    2019012420190128826300000003750105300100000060924002632100000000000037500000142000000933738    4                       1         
G0793003000026716    2019012420190128826800000010150105300100000060354002475800000000000101500000142000000943738    4                       1         
G0793003000026716    2019012420190128826300000003750105300100000060479002592900000000000037500000142000000953738    4                       1         
G0793003000026716    2019012420190128826300000003750105300100000060364002582900000000000037500000142000000963738    4                       1         
G0793003000026716    2019012420190128826900000008050105300100000060654002500800000000000080500000142000000973738    4                       1         
G0793003000026716    2019012420190128826200000017200105300100000060478002592800000000000172000000142000000983738    4                       1         
G0793003000026716    2019012420190128826200000015800105300100000060953002527900000000000158000000142000000993738    4                       1         
G0793003000026716    2019012420190128826400000003750105300100000061063002644300000000000037500000142000001003738    4                       1         
G0793003000026716    2019012420190128826400000005100105300100000060077002459400000000000051000000142000001013738    4                       1         
G0793003000026716    2019012420190128826600000001150105300100000060597002496000000000000011500000142000001023738    4                       1         
G0793003000026716    2019012420190128826400000003750105300100000060566002599700000000000037500000142000001033738    4                       1         
G0793003000026716    2019012420190128826400000003750105300100000060469002592000000000000037500000142000001043738    4                       1         
G0793003000026716    2019012420190128826800000003800105300100000060314002472400000000000038000000142000001053738    4                       1         
G0793003000026716    2019012420190128826800000003750105300100000061059002643900000000000037500000142000001063738    4                       1         
G0793003000026716    2019012420190128826800000003750105300100000060743002615800000000000037500000142000001073738    4                       1         
G0793003000026716    2019012420190128826800000003750105300100000060559002599000000000000037500000142000001083738    4                       1         
G0793003000026716    2019012420190128826800000003750105300100000060331002579900000000000037500000142000001093738    4                       1         
G0793003000026716    2019012420190128826900000003750105300100000060856002625800000000000037500000142000001103738    4                       1         
G0793003000026716    2019012420190128826900000003750105300100000060783002619600000000000037500000142000001113738    4                       1         
G0793003000026716    2019012420190128826900000003750105300100000060183002567500000000000037500000142000001123738    4                       1         
G0793003000026716    2019012420190128826400000006750105300100000060622002604600000000000067500000142000001133738    4                       1         
G0793003000026716    2019012420190128826400000003750105300100000060274002575300000000000037500000142000001143738    4                       1         
G0793003000026716    2019012420190128826200000001250105300100000071102081669600000000000012500000142000001153939    4                       1         
G0793003000026716    2019012420190128826200000001250105300100000070773081638500000000000012500000142000001163939    4                       1         
G0793003000026716    2019012420190128826400000001100105300100000060739002615400000000000011000000142000001173738    4                       1         
G0793003000026716    2019012420190128826500000004200105300100000071277081513100000000000042000000142000001183939    4                       1         
G0793003000026716    2019012420190128826200000004200105300100000071287081514100000000000042000000142000001193939    4                       1         
G0793003000026716    2019012420190128826200000004100105300100000070869081647500000000000041000000142000001203939    4                       1         
G0793003000026716    2019012420190128826400000001100105300100000060323002579200000000000011000000142000001213738    4                       1         
G0793003000026716    2019012420190128826300000009850105300100000060438002589000000000000098500000142000001223738    4                       1         
G0793003000026716    2019012420190128826200000003850105300100000060423002587600000000000038500000142000001233738    4                       1         
G0793003000026716    2019012420190128826300000008000105300100000071046035703600000000000080000000142000001241829    4                       1         
G0793003000026716    2019012420190128826600000004700105300100000003140006738000000000000047000000142000001253863    4                       1         
G0793003000026716    2019012420190128826800000004800105300100000004190006747600000000000048000000142000001263863    4                       1         
G0793003000026716    2019012420190128826000000004200105300100000070408035658100000000000042000000142000001271829    4                       1         
G0793003000026716    2019012420190128826800000004200105300100000070239035645700000000000042000000142000001281829    4                       1         
G0793003000026716    2019012420190128826100000003700105300100000002770006734000000000000037000000142000001293863    4                       1         
G0793003000026716    2019012420190128826900000009700105300100000006021006779600000000000097000000142000001303863    4                       1         
G0793003000026716    2019012420190128826500000001300105300100000070545035667700000000000013000000142000001311829    4                       1         
G0793003000026716    2019012420190128826300000004700105300100000000300006711300000000000047000000142000001323863    4                       1         
G0793003000026716    2019012420190128826200000003750105300100000060369002583200000000000037500000142000001333738    4                       1         
G0793003000026716    2019012420190128826200000003750105300100000060081002565600000000000037500000142000001343738    4                       1         
G0793003000026716    2019012420190128826500000003750105300100000061226002658100000000000037500000142000001353738    4                       1         
G0793003000026716    2019012420190128826500000003750105300100000060828002623400000000000037500000142000001363738    4                       1         
G0793003000026716    2019012420190128826500000003750105300100000060756002617100000000000037500000142000001373738    4                       1         
G0793003000026716    2019012420190128826500000003750105300100000060664002608200000000000037500000142000001383738    4                       1         
G0793003000026716    2019012420190128826200000001150105300100000061208002656900000000000011500000142000001393738    4                       1         
G0793003000026716    2019012420190128826700000003750105300100000060802002621400000000000037500000142000001403738    4                       1         
G0793003000026716    2019012420190128826700000003750105300100000060506002352100000000000037500000142000001413738    4                       1         
G0793003000026716    2019012420190128826600000003750105300100000060857002625900000000000037500000142000001423738    4                       1         
G0793003000026716    2019012420190128826600000003750105300100000060759002617400000000000037500000142000001433738    4                       1         
G0793003000026716    2019012420190128826600000003750105300100000060329002579700000000000037500000142000001443738    4                       1         
G0793003000026716    2019012420190128826600000003750105300100000060326002579400000000000037500000142000001453738    4                       1         
G0793003000026716    2019012420190128826000000003850105300100000061104002647800000000000038500000142000001463738    4                       1         
G0793003000026716    2019012420190128826000000003750105300100000060506002174700000000000037500000142000001473738    4                       1         
G0793003000026716    2019012420190128826100000006800105300100000060506002077700000000000068000000142000001483738    4                       1         
G0793003000026716    2019012420190128826000000005250105300100000070540035667300000000000052500000142000001491829    4                       1         
G0793003000026716    2019012420190128826900000004750105300100000061260002554400000000000047500000142000001503738    4                       1         
G0793003000026716    2019012420190128826900000001100105300100000060610002603500000000000011000000142000001513738    4                       1         
G0793003000026716    2019012420190128826700000013800105300100000061122002649300000000000138000000142000001523738    4                       1         
G0793003000026716    2019012420190128826700000006750105300100000060355002475900000000000067500000142000001533738    4                       1         
G0793003000026716    2019012420190128826100000004200105300100000070771035684400000000000042000000142000001541829    4                       1         
G0793003000026716    2019012420190128826100000003900105300100000060780002512500000000000039000000142000001553738    4                       1         
G0793003000026716    2019012420190128826900000004050105300100000070281020245400000000000040500000142000001561829    4                       1         
G0793003000026716    2019012420190128826600000001300105300100000070095020233700000000000013000000142000001571829    4                       1         
G0793003000026716    2019012420190128826900000004250105300100000070312020248300000000000042500000142000001581829    4                       1         
G0793003000026716    2019012420190128826900000004150105300100000070366020278700000000000041500000142000001591829    4                       1         
G0793003000026716    2019012420190128826400000004050105300100000070335020277000000000000040500000142000001601829    4                       1         
G0793003000026716    2019012420190128826500000001850105300100000070408020281600000000000018500000142000001611829    4                       1         
G0793003000026716    2019012420190128826500000004050105300100000070191020266700000000000040500000142000001621829    4                       1         
G0793003000026716    2019012420190128826500000004050105300100000070386020280100000000000040500000142000001631829    4                       1         
G0793003000026716    2019012420190128826100000005700105300100000070337020249800000000000057000000142000001641829    4                       1         
G0793003000026716    2019012420190128826100000007000105300100000070288020246100000000000070000000142000001651829    4                       1         
G0793003000026716    2019012420190128826800000004150105300100000070108020261400000000000041500000142000001661829    4                       1         
G0793003000026716    2019012420190128826300000004350105300100000070379020252200000000000043500000142000001671829    4                       1         
G0793003000026716    2019012420190128826100000001350105300100000070095020260700000000000013500000142000001681829    4                       1         
G0793003000026716    2019012420190128826900000004200105300100000070320020248800000000000042000000142000001691829    4                       1         
G0793003000026716    2019012420190128826000000006600105300100000070153020264400000000000066000000142000001701829    4                       1         
G0793003000026716    2019012420190128826000000004800105300100000070413020254900000000000048000000142000001711829    4                       1         
G0793003000026716    2019012420190128826300000004750105300100000070320020276100000000000047500000142000001721829    4                       1         
G0793003000026716    2019012420190128826000000004150105300100000070227020269200000000000041500000142000001731829    4                       1         
G0793003000026716    2019012420190128826300000004150105300100000070222020268800000000000041500000142000001741829    4                       1         
G0793003000026716    2019012420190128826400000005150105320181224070058020231500100000000051500000142000001751829    4                       1         
G0793003000026716    2019012420190128826800000006550105320181224070286020245900100000000065500000142000001761829    4                       1         
G0793003000026716    2019012420190128826800000012150105320190121000611014231400100000000121500000142000001773089    4                       1         
G0793003000026716    2019012420190128826800000005400105320181221000403014126400100000000054000000142000001783089    4                       1         
G0793003000026716    2019012420190128826800000004400105320190121000731014242700100000000044000000142000001793089    4                       1         
G0793003000026716    2019012420190128826800000004200105320190121000622014232500100000000042000000142000001803089    4                       1         
G0793003000026716    2019012420190128826900000004050105320181224070213020241000100000000040500000142000001811829    4                       1         
G0793003000026716    2019012420190128826100000008450105320190115000343022030900100000000084500000142000001823738    4                       1         
G0793003000026716    2019012420190128826600000007850105320190115000411022037100100000000078500000142000001833738    4                       1         
G0793003000026716    2019012420190128826000000004200105320190115000692022061500100000000042000000142000001843738    4                       1         
G0793003000026716    2019012420190128826100000004150105320181224070227020242000100000000041500000142000001851829    4                       1         
G0793003000026716    2019012420190128826900000005700105320181224070191020239500100000000057000000142000001861829    4                       1         
G0793003000026716    2019012420190128826900000005150105320181224070078020232500100000000051500000142000001871829    4                       1         
G0793003000026716    2019012420190128826100000004150105320181224070190020239400100000000041500000142000001881829    4                       1         
G0793003000026716    2019012420190128826000000004200105320190115000302022027300100000000042000000142000001893738    4                       1         
G0793003000026716    2019012420190128826300000006550105320190115000815022070000100000000065500000142000001903738    4                       1         
G0793003000026716    2019012420190128826900000004200105320190115000656022058500100000000042000000142000001913738    4                       1         
G0793003000026716    2019012420190128826900000004200105320190115000708022063100100000000042000000142000001923738    4                       1         
G0793003000026716    2019012420190128826000000004200105320181224070139020236300100000000042000000142000001931829    4                       1         
G0793003000026716    2019012420190128826000000020950105320181203070009035553900100000000209500000142000001941829    4                       1         
G0793003000026716    2019012420190128826800000006850105320190204070419035735300100000000068500000142000001951829    4                       1         
G0793003000026716    2019012420190128826100000004250105320190204070291035725900100000000042500000142000001961829    4                       1         
G0793003000026716    2019012420190128826200000010850105320190205006021006850800100000000108500000142000001973863    4                       1         
G0793003000026716    2019012420190128826600000001250105320190204070107035713400100000000012500000142000001981829    4                       1         
G0793003000026716    2019012420190128826700000004050105320190204070336035729400100000000040500000142000001991829    4                       1         
G0793003000026716    2019012420190128826900000004150105320190204070239035721500100000000041500000142000002001829    4                       1         
G0793003000026716    2019012420190128826200000006100105320190205004330006819200100000000061000000142000002013863    4                       1         
G0793003000026716    2019012420190128826200000001250105320190204070450035737800100000000012500000142000002021829    4                       1         
G0793003000026716    2019012420190128826500000004050105320190204070411035734500100000000040500000142000002031829    4                       1         
G0793003000026716    2019012420190128826000000004050105320190204070671035753800100000000040500000142000002041829    4                       1         
G0793003000026716    2019012420190128826000000001250105320190204070035035708400100000000012500000142000002051829    4                       1         
G0793003000026716    2019012420190128826200000007000105320190205005963006847000100000000070000000142000002063863    4                       1         
G0793003000026716    2019012420190128826800000004550105320190205003950006815600100000000045500000142000002073863    4                       1         
G0793003000026716    2019012420190128826800000004200105320181221000767014160000100000000042000000142000002083089    4                       1         
G0793003000026716    2019012420190128826200000004050105320190204070776035761900100000000040500000142000002091829    4                       1         
G0793003000026716    2019012420190128826500000004050105320190204070737035759400100000000040500000142000002101829    4                       1         
G0793003000026716    2019012420190128826300000003900105320181206000004095514200100000000039000000142000002114481    4                       1         
G0793003000026716    2019012420190128826300000003850105320181206000091095522400100000000038500000142000002124481    4                       1         
G0793003000026716    2019012420190128826800000003850105320181206000761095586700100000000038500000142000002134481    4                       1         
G0793003000026716    2019012420190128826800000004200105320181121000068014006700100000000042000000142000002143089    4                       1         
G0793003000026716    2019012420190128826800000003850105320181107000088000008500100000000038500000142000002154481    4                       1         
G0793003000026716    2019012420190128826900000003850105320181107001058000105300100000000038500000142000002164481    4                       1         
G0793003000026716    2019012420190128826700000003850105320181107000091000008800100000000038500000142000002174481    4                       1         
G0793003000026716    2019012420190128826600000003850105320181206000090095522300100000000038500000142000002184481    4                       1         
G0793003000026716    2019012420190128826400000004300105320190121000785014247000100000000043000000142000002193089    4                       1         
G0793003000026716    2019012420190128826400000004300105320190121000498014221400100000000043000000142000002203089    4                       1         
G0793003000026716    2019012420190128826500000004900105320190121000275014201200100000000049000000142000002213089    4                       1         
G0793003000026716    2019012420190128826500000004750105320190121000904014256400100000000047500000142000002223089    4                       1         
G0793003000026716    2019012420190128826500000004300105320190121000187014193800100000000043000000142000002233089    4                       1         
G0793003000026716    2019012420190128826500000004300105320190121000048014181000100000000043000000142000002243089    4                       1         
G0793003000026716    2019012420190128826500000004200105320190121000507014222300100000000042000000142000002253089    4                       1         
G0793003000026716    2019012420190128826500000004200105320190121000070014183000100000000042000000142000002263089    4                       1         
G0793003000026716    2019012420190128826500000001300105320181221000508014136600100000000013000000142000002273089    4                       1         
G0793003000026716    2019012420190128826700000004300105320190121000837014251400100000000043000000142000002283089    4                       1         
G0793003000026716    2019012420190128826700000004200105320190121000712014241100100000000042000000142000002293089    4                       1         
G0793003000026716    2019012420190128826100000007450105320190121000365014209400100000000074500000142000002303089    4                       1         
G0793003000026716    2019012420190128826700000001400105320181221000507014136500100000000014000000142000002313089    4                       1         
G0793003000026716    2019012420190128826600000004200105320190121000767014245600100000000042000000142000002323089    4                       1         
G0793003000026716    2019012420190128826100000007200105320190121000797014248100100000000072000000142000002333089    4                       1         
G0793003000026716    2019012420190128826100000005500105320190121000403014212500100000000055000000142000002343089    4                       1         
G0793003000026716    2019012420190128826100000004500105320190121000580014229000100000000045000000142000002353089    4                       1         
G0793003000026716    2019012420190128826100000004200105320181221000785014161200100000000042000000142000002363089    4                       1         
G0793003000026716    2019012420190128826000000003850105320181206000463095557900100000000038500000142000002374481    4                       1         
G0793003000026716    2019012420190128826000000003850105320181206000289095541000100000000038500000142000002384481    4                       1         
G0793003000026716    2019012420190128826000000003850105320181107000090000008700100000000038500000142000002394481    4                       1         
G0793003000026716    2019012420190128826300000003850105320181206000279095540000100000000038500000142000002404481    4                       1         
G0793003000026716    2019012420190128826500000004200105320190114000705010307500100000000042000000142000002411829    4                       1         
G0793003000026716    2019012420190128826800000003100105320190205000170006781000100000000031000000142000002423863    4                       1         
G0793003000026716    2019012420190128826200000004200105320190115000481018039500100000000042000000142000002431141    4                       1         
G0793003000026716    2019012420190128826200000004200105320190121000574014228500100000000042000000142000002443089    4                       1         
G0793003000026716    2019012420190128826200000004200105320190121000508014222400100000000042000000142000002453089    4                       1         
G0793003000026716    2019012420190128826600000003100105320190205002470006802000100000000031000000142000002463863    4                       1         
G0793003000026716    2019012420190128826500000003700105320190205002310006800500100000000037000000142000002473863    4                       1         
G0793003000026716    2019012420190128826700000003100105320190205000950006788000100000000031000000142000002483863    4                       1         
G0793003000026716    2019012420190128826900000004200105320190115000528018043600100000000042000000142000002491141    4                       1         
G0793003000026716    2019012420190128826200000004200105320190115000518018042600100000000042000000142000002501141    4                       1         
G0793003000026716    2019012420190128826000000004200105320181221000068014094700100000000042000000142000002513089    4                       1         
G0793003000026716    2019012420190128826300000004200105320181221000498014135600100000000042000000142000002523089    4                       1         
G0793003000026716    2019012420190128826200000012600105320181221000622014146900100000000126000000142000002533089    4                       1         
G0793003000026716    2019012420190128826200000004200105320190121000704014240400100000000042000000142000002543089    4                       1         
G0793003000026716    2019012420190128826600000006550105320190205002590006803100100000000065500000142000002553863    4                       1         
G0793003000026716    2019012420190128826000000007100105320190115000289018023900100000000071000000142000002561141    4                       1         
G0793003000026716    2019012420190128826600000004700105320190205002350006800900100000000047000000142000002573863    4                       1         
G0793003000026716    2019012420190128826200000004150105320190204000742002593000100000000041500000142000002581116    4                       1         
G0793003000026716    2019012420190128826500000004150105320190204000276002566200100000000041500000142000002591116    4                       1         
G0793003000026716    2019012420190128826300000004150105320190204000087002554900100000000041500000142000002601116    4                       1         
G0793003000026716    2019012420190128826500000010700105320190103000587002535000100000000107000000142000002611116    4                       1         
G0793003000026716    2019012420190128826300000005950105320190114001027010330100100000000059500000142000002621829    4                       1         
G0793003000026716    2019012420190128826100000004300105320190114001574010364000100000000043000000142000002631829    4                       1         
G0793003000026716    2019012420190128826500000005250105320190205003470006811500100000000052500000142000002643863    4                       1         
G0793003000026716    2019012420190128826200000003100105320190205005595006835400100000000031000000142000002653863    4                       1         
G0793003000026716    2019012420190128826200000003100105320190205002550006802800100000000031000000142000002663863    4                       1         
G0793003000026716    2019012420190128826100000004300105320181221000070014094900100000000043000000142000002673089    4                       1         
G0793003000026716    2019012420190128826000000013400105320190121000499014221500100000000134000000142000002683089    4                       1         
G0793003000026716    2019012420190128826000000004150105320190204000784002595900100000000041500000142000002691116    4                       1         
G0793003000026716    2019012420190128826000000004150105320190103000719002543200100000000041500000142000002701116    4                       1         
G0793003000026716    2019012420190128826500000005200105320190105002680006733300100000000052000000142000002713863    4                       1         
G0793003000026716    2019012420190128826600000004200105320190201000763000590000100000000042000000142000002721141    4                       1         
G0793003000026716    2019012420190128826300000004300105320190103001630000481100100000000043000000142000002731141    4                       1         
G0793003000026716    2019012420190128826300000004300105320190103000406000389900100000000043000000142000002741141    4                       1         
G0793003000026716    2019012420190128826300000004200105320190201001816000664900100000000042000000142000002751141    4                       1         
G0793003000026716    2019012420190128826300000004200105320190201000016000531000100000000042000000142000002761141    4                       1         
G0793003000026716    2019012420190128826300000004200105320190103001164000448900100000000042000000142000002771141    4                       1         
G0793003000026716    2019012420190128826000000005350105320190103001817000494500100000000053500000142000002781141    4                       1         
G0793003000026716    2019012420190128826000000004800105320190201000309000552800100000000048000000142000002791141    4                       1         
G0793003000026716    2019012420190128826000000004350105320190103001014000437700100000000043500000142000002801141    4                       1         
G0793003000026716    2019012420190128826000000004200105320190201000403000560400100000000042000000142000002811141    4                       1         
G0793003000026716    2019012420190128826000000004200105320190103001833000495700100000000042000000142000002821141    4                       1         
G0793003000026716    2019012420190128826000000004200105320181203000590000231800100000000042000000142000002831141    4                       1         
G0793003000026716    2019012420190128826900000008650105320190201000132000539500100000000086500000142000002841141    4                       1         
G0793003000026716    2019012420190128826900000005600105320190103001334000460200100000000056000000142000002851141    4                       1         
G0793003000026716    2019012420190128826200000006650105320190201000262000549100100000000066500000142000002861141    4                       1         
G0793003000026716    2019012420190128826200000005400105320190103001961000525300100000000054000000142000002871141    4                       1         
G0793003000026716    2019012420190128826400000003100105320190205005545006831500100000000031000000142000002883863    4                       1         
G0793003000026716    2019012420190128826300000010700105320190103000245002515000100000000107000000142000002891116    4                       1         
G0793003000026716    2019012420190128826500000004150105320190204000654002587500100000000041500000142000002901116    4                       1         
G0793003000026716    2019012420190128826200000004450105320190103000509000398600100000000044500000142000002911141    4                       1         
G0793003000026716    2019012420190128826200000004300105320190201001999000678100100000000043000000142000002921141    4                       1         
G0793003000026716    2019012420190128826200000004300105320190201001579000647400100000000043000000142000002931141    4                       1         
G0793003000026716    2019012420190128826300000004200105320190115000036018003100100000000042000000142000002941141    4                       1         
G0793003000026716    2019012420190128826200000004300105320190201001428000637600100000000043000000142000002951141    4                       1         
G0793003000026716    2019012420190128826200000004200105320190201001369000633900100000000042000000142000002961141    4                       1         
G0793003000026716    2019012420190128826800000014000105320190103002067000512100100000000140000000142000002971141    4                       1         
G0793003000026716    2019012420190128826800000006550105320190103000529000400600100000000065500000142000002981141    4                       1         
G0793003000026716    2019012420190128826800000004200105320190201000555000573500100000000042000000142000002991141    4                       1         
G0793003000026716    2019012420190128826900000004200105320190201000895000600300100000000042000000142000003001141    4                       1         
G0793003000026716    2019012420190128826900000004200105320190201000731000587500100000000042000000142000003011141    4                       1         
G0793003000026716    2019012420190128826700000007850105320190201000321000553700100000000078500000142000003021141    4                       1         
G0793003000026716    2019012420190128826700000006550105320190201000776000591200100000000065500000142000003031141    4                       1         
G0793003000026716    2019012420190128826700000005500105320190103000254000377800100000000055000000142000003041141    4                       1         
G0793003000026716    2019012420190128826700000004800105320190201001225000624600100000000048000000142000003051141    4                       1         
G0793003000026716    2019012420190128826400000008450105320190201000274000550000100000000084500000142000003061141    4                       1         
G0793003000026716    2019012420190128826400000004350105320190201000668000582300100000000043500000142000003071141    4                       1         
G0793003000026716    2019012420190128826400000004200105320190201001448000638800100000000042000000142000003081141    4                       1         
G0793003000026716    2019012420190128826400000004200105320190201001401000635700100000000042000000142000003091141    4                       1         
G0793003000026716    2019012420190128826400000004200105320190201001354000632700100000000042000000142000003101141    4                       1         
G0793003000026716    2019012420190128826400000004200105320190201000496000568200100000000042000000142000003111141    4                       1         
G0793003000026716    2019012420190128826400000004200105320181101000590000050200100000000042000000142000003121141    4                       1         
G0793003000026716    2019012420190128826500000004300105320190103001255000455300100000000043000000142000003131141    4                       1         
G0793003000026716    2019012420190128826500000004200105320190201001618000650600100000000042000000142000003141141    4                       1         
G0793003000026716    2019012420190128826500000004200105320190201000641000580500100000000042000000142000003151141    4                       1         
G0793003000026716    2019012420190128826300000008450105320190201001339000631700100000000084500000142000003161141    4                       1         
G0793003000026716    2019012420190128826700000004200105320190201001205000622700100000000042000000142000003171141    4                       1         
G0793003000026716    2019012420190128826700000004200105320190201001041000610800100000000042000000142000003181141    4                       1         
G0793003000026716    2019012420190128826600000007950105320190103001891000499900100000000079500000142000003191141    4                       1         
G0793003000026716    2019012420190128826600000006550105320190201000129000539200100000000065500000142000003201141    4                       1         
G0793003000026716    2019012420190128826600000004350105320190103001366000462500100000000043500000142000003211141    4                       1         
G0793003000026716    2019012420190128826600000004200105320190201000509000569300100000000042000000142000003221141    4                       1         
G0793003000026716    2019012420190128826100000007150105320190201001961000675200100000000071500000142000003231141    4                       1         
G0793003000026716    2019012420190128826100000004350105320190201000334000554800100000000043500000142000003241141    4                       1         
G0793003000026716    2019012420190128826100000004300105320190103000815000423200100000000043000000142000003251141    4                       1         
G0793003000026716    2019012420190128826100000004200105320190201001944000673700100000000042000000142000003261141    4                       1         
G0793003000026716    2019012420190128826100000004200105320190201000513000569700100000000042000000142000003271141    4                       1         
G0793003000026716    2019012420190128826100000004200105320181203000939000260000100000000042000000142000003281141    4                       1         
G0793003000026716    2019012420190128826100000004200105320181213001574010244300100000000042000000142000003291829    4                       1         
G0793003000026716    2019012420190128826000000004300105320190114001310010347100100000000043000000142000003301829    4                       1         
G0793003000026716    2019012420190128826200000004200105320190114001060010331500100000000042000000142000003311829    4                       1         
G0793003000026716    2019012420190128826000000004200105320190114000408010378000100000000042000000142000003321829    4                       1         
G0793003000026716    2019012420190128826000000004200105320181213000408010159200100000000042000000142000003331829    4                       1         
G0793003000026716    2019012420190128826900000004200105320181114000408010029600100000000042000000142000003341829    4                       1         
G0793003000026716    2019012420190128826400000010100105320190114001739010374300100000000101000000142000003351829    4                       1         
G0793003000026716    2019012420190128826500000007200105320181213001268010222100100000000072000000142000003361829    4                       1         
Z00033800000000001590200                                                                                                                              
