A2201053              HIDROFORTETOCANTINS 104CAIXA ECON. FEDERAL 2019012600153903                                                                     
G0793003000026716    2019012520190128826800000004300105320190114001575010364100100000000043000000142000000011829    3                       1         
G0793003000026716    2019012520190128826800000004200105320181213001575010244400100000000042000000142000000021829    3                       1         
G0793003000026716    2019012520190129826200000003850105300100000060287002470400000000000038500000142000000033738    4                       1         
G0793003000026716    2019012520190129826800000004200105300100000003650006742900000000000042000000142000000043863    4                       1         
G0793003000026716    2019012520190129826800000001300105300100000070728035681600000000000013000000142000000051829    4                       1         
G0793003000026716    2019012520190129826200000003200105300100000005562006762200000000000032000000142000000063863    4                       1         
G0793003000026716    2019012520190129826200000003100105300100000005805006772000000000000031000000142000000073863    4                       1         
G0793003000026716    2019012520190129826800000006450105300100000060245002572800000000000064500000142000000083738    4                       1         
G0793003000026716    2019012520190129826800000003850105300100000060982002530400000000000038500000142000000093738    4                       1         
G0793003000026716    2019012520190129826100000004800105300100000002942006735900000000000048000000142000000103863    4                       1         
G0793003000026716    2019012520190129826000000001100105300100000061196002655800000000000011000000142000000113738    4                       1         
G0793003000026716    2019012520190129826800000001350105300100000070466035662500000000000013500000142000000121829    4                       1         
G0793003000026716    2019012520190129826700000001300105300100000070455035661800000000000013000000142000000131829    4                       1         
G0793003000026716    2019012520190129826500000006450105300100000003230006738900000000000064500000142000000143863    4                       1         
G0793003000026716    2019012520190129826400000004700105300100000000385006712100000000000047000000142000000153863    4                       1         
G0793003000026716    2019012520190129826600000004750105300100000070186035641400000000000047500000142000000161829    4                       1         
G0793003000026716    2019012520190129826300000008750105300100000006017006779300000000000087500000142000000173863    4                       1         
G0793003000026716    2019012520190129826300000006100105300100000000230006710600000000000061000000142000000183863    4                       1         
G0793003000026716    2019012520190129826800000003750105300100000061160002652600000000000037500000142000000193738    4                       1         
G0793003000026716    2019012520190129826800000003750105300100000060888002628800000000000037500000142000000203738    4                       1         
G0793003000026716    2019012520190129826800000001150105300100000060723002507100000000000011500000142000000213738    4                       1         
G0793003000026716    2019012520190129826700000008950105300100000060804002621600000000000089500000142000000223738    4                       1         
G0793003000026716    2019012520190129826300000004100105300100000071846081740100000000000041000000142000000233939    4                       1         
G0793003000026716    2019012520190129826700000008950105300100000060655002607500000000000089500000142000000243738    4                       1         
G0793003000026716    2019012520190129826700000008300105300100000061022002641000000000000083000000142000000253738    4                       1         
G0793003000026716    2019012520190129826800000003950105300100000060494002488000000000000039500000142000000263738    4                       1         
G0793003000026716    2019012520190129826600000001100105300100000060648002606800000000000011000000142000000273738    4                       1         
G0793003000026716    2019012520190129826600000001100105300100000060628002605100000000000011000000142000000283738    4                       1         
G0793003000026716    2019012520190129826500000008950105300100000060197002568700000000000089500000142000000293738    4                       1         
G0793003000026716    2019012520190129826300000004100105300100000071342081692900000000000041000000142000000303939    4                       1         
G0793003000026716    2019012520190129826300000004100105300100000071131081672400000000000041000000142000000313939    4                       1         
G0793003000026716    2019012520190129826300000004100105300100000070546081616400000000000041000000142000000323939    4                       1         
G0793003000026716    2019012520190129826200000001900105300100000070886081476200000000000019000000142000000333939    4                       1         
G0793003000026716    2019012520190129826500000005350105300100000060492002487800000000000053500000142000000343738    4                       1         
G0793003000026716    2019012520190129826900000014250105300100000060885002628500000000000142500000142000000353738    4                       1         
G0793003000026716    2019012520190129826200000001250105300100000070999081659600000000000012500000142000000363939    4                       1         
G0793003000026716    2019012520190129826200000001250105300100000070845062645300000000000012500000142000000373939    4                       1         
G0793003000026716    2019012520190129826900000006200105300100000060514002489700000000000062000000142000000383738    4                       1         
G0793003000026716    2019012520190129826900000005100105300100000060776002512100000000000051000000142000000393738    4                       1         
G0793003000026716    2019012520190129826500000003750105300100000061220002657900000000000037500000142000000403738    4                       1         
G0793003000026716    2019012520190129826500000003750105300100000061165002653000000000000037500000142000000413738    4                       1         
G0793003000026716    2019012520190129826500000003750105300100000060639002499400000000000037500000142000000423738    4                       1         
G0793003000026716    2019012520190129826100000003850105300100000060278002469600000000000038500000142000000433738    4                       1         
G0793003000026716    2019012520190129826100000006900105300100000071868081742100000000000069000000142000000443939    4                       1         
G0793003000026716    2019012520190129826100000006350105300100000071784081733900000000000063500000142000000453939    4                       1         
G0793003000026716    2019012520190129826100000004850105300100000070310081421500000000000048500000142000000463939    4                       1         
G0793003000026716    2019012520190129826100000004200105300100000071114081497600000000000042000000142000000473939    4                       1         
G0793003000026716    2019012520190129826100000003750105300100000061205002656600000000000037500000142000000483738    4                       1         
G0793003000026716    2019012520190129826100000003750105300100000060399002585800000000000037500000142000000493738    4                       1         
G0793003000026716    2019012520190129826100000003750105300100000060330002579800000000000037500000142000000503738    4                       1         
G0793003000026716    2019012520190129826100000004200105300100000070524081441300000000000042000000142000000513939    4                       1         
G0793003000026716    2019012520190129826100000004200105300100000070420081432100000000000042000000142000000523939    4                       1         
G0793003000026716    2019012520190129826100000004100105300100000071780081733500000000000041000000142000000533939    4                       1         
G0793003000026716    2019012520190129826100000004100105300100000071737081729500000000000041000000142000000543939    4                       1         
G0793003000026716    2019012520190129826100000004100105300100000071365081695000000000000041000000142000000553939    4                       1         
G0793003000026716    2019012520190129826700000003600105300100000070409081431000000000000036000000142000000563939    4                       1         
G0793003000026716    2019012520190129826700000001800105300100000070431081433100000000000018000000142000000573939    4                       1         
G0793003000026716    2019012520190129826700000001250105300100000070643081625900000000000012500000142000000583939    4                       1         
G0793003000026716    2019012520190129826600000014300105300100000071551081538800000000000143000000142000000593939    4                       1         
G0793003000026716    2019012520190129826600000004350105300100000070301081420600000000000043500000142000000603939    4                       1         
G0793003000026716    2019012520190129826600000004200105300100000071010081487700000000000042000000142000000613939    4                       1         
G0793003000026716    2019012520190129826600000004150105300100000071372081695700000000000041500000142000000623939    4                       1         
G0793003000026716    2019012520190129826600000004100105300100000071821081737600000000000041000000142000000633939    4                       1         
G0793003000026716    2019012520190129826600000004100105300100000071224081681100000000000041000000142000000643939    4                       1         
G0793003000026716    2019012520190129826600000004100105300100000070743081635600000000000041000000142000000653939    4                       1         
G0793003000026716    2019012520190129826900000002950105300100000070646081626200000000000029500000142000000663939    4                       1         
G0793003000026716    2019012520190129826900000001300105300100000071297081688400000000000013000000142000000673939    4                       1         
G0793003000026716    2019012520190129826900000001250105300100000071695081725500000000000012500000142000000683939    4                       1         
G0793003000026716    2019012520190129826900000001250105300100000071029081662600000000000012500000142000000693939    4                       1         
G0793003000026716    2019012520190129826800000010750105300100000071569081713700000000000107500000142000000703939    4                       1         
G0793003000026716    2019012520190129826800000006900105300100000070844081645200000000000069000000142000000713939    4                       1         
G0793003000026716    2019012520190129826800000005450105300100000071079081494300000000000054500000142000000723939    4                       1         
G0793003000026716    2019012520190129826800000005200105300100000071330081691700000000000052000000142000000733939    4                       1         
G0793003000026716    2019012520190129826800000004950105300100000071349081520300000000000049500000142000000743939    4                       1         
G0793003000026716    2019012520190129826800000004150105300100000071271081685800000000000041500000142000000753939    4                       1         
G0793003000026716    2019012520190129826800000004100105300100000071906081745900000000000041000000142000000763939    4                       1         
G0793003000026716    2019012520190129826800000004100105300100000071362081694800000000000041000000142000000773939    4                       1         
G0793003000026716    2019012520190129826800000004100105300100000071176081676700000000000041000000142000000783939    4                       1         
G0793003000026716    2019012520190129826800000004100105300100000070584081620000000000000041000000142000000793939    4                       1         
G0793003000026716    2019012520190129826800000004100105300100000070578081619500000000000041000000142000000803939    4                       1         
G0793003000026716    2019012520190129826800000004100105300100000070382081428400000000000041000000142000000813939    4                       1         
G0793003000026716    2019012520190129826900000003850105300100000061089002539400000000000038500000142000000823738    4                       1         
G0793003000026716    2019012520190129826000000004050105300100000070013020229100000000000040500000142000000831829    4                       1         
G0793003000026716    2019012520190129826900000003850105300100000060196002462500000000000038500000142000000843738    4                       1         
G0793003000026716    2019012520190129826900000003800105300100000060872002520600000000000038000000142000000853738    4                       1         
G0793003000026716    2019012520190129826900000003750105300100000061192002655500000000000037500000142000000863738    4                       1         
G0793003000026716    2019012520190129826900000003750105300100000061095002647000000000000037500000142000000873738    4                       1         
G0793003000026716    2019012520190129826900000003750105300100000060443002589500000000000037500000142000000883738    4                       1         
G0793003000026716    2019012520190129826300000003750105300100000060593002601900000000000037500000142000000893738    4                       1         
G0793003000026716    2019012520190129826300000003750105300100000060529002596700000000000037500000142000000903738    4                       1         
G0793003000026716    2019012520190129826300000004400105300100000070003081583000000000000044000000142000000913939    4                       1         
G0793003000026716    2019012520190129826100000008250105300100000070296020246800000000000082500000142000000921829    4                       1         
G0793003000026716    2019012520190129826500000004050105300100000070405020281400000000000040500000142000000931829    4                       1         
G0793003000026716    2019012520190129826600000002950105300100000070057020258100000000000029500000142000000941829    4                       1         
G0793003000026716    2019012520190129826500000004050105300100000070184020266200000000000040500000142000000951829    4                       1         
G0793003000026716    2019012520190129826200000007500105300100000060046002564100000000000075000000142000000963738    4                       1         
G0793003000026716    2019012520190129826200000004850105300100000061115002541800000000000048500000142000000973738    4                       1         
G0793003000026716    2019012520190129826200000004450105300100000060313002472300000000000044500000142000000983738    4                       1         
G0793003000026716    2019012520190129826200000004250105300100000060904002113400000000000042500000142000000993738    4                       1         
G0793003000026716    2019012520190129826000000004050105300100000070013020255900000000000040500000142000001001829    4                       1         
G0793003000026716    2019012520190129826000000007000105300100000070296020273900000000000070000000142000001011829    4                       1         
G0793003000026716    2019012520190129826500000004300105300100000070014020229200000000000043000000142000001021829    4                       1         
G0793003000026716    2019012520190129826900000006700105300100000070307020275000000000000067000000142000001031829    4                       1         
G0793003000026716    2019012520190129826700000004050105300100000070014020256000000000000040500000142000001041829    4                       1         
G0793003000026716    2019012520190129826900000003550105300100000070303020274600000000000035500000142000001051829    4                       1         
G0793003000026716    2019012520190129826000000004150105300100000070184020239100000000000041500000142000001061829    4                       1         
G0793003000026716    2019012520190129826200000004150105300100000060904002016800000000000041500000142000001073738    4                       1         
G0793003000026716    2019012520190129826900000004850105300100000003270006739300000000000048500000142000001083863    4                       1         
G0793003000026716    2019012520190129826000000003200105300100000005987006777300000000000032000000142000001093863    4                       1         
G0793003000026716    2019012520190129826000000005600105300100000060702002505200000000000056000000142000001103738    4                       1         
G0793003000026716    2019012520190129826000000004750105300100000060661002608000000000000047500000142000001113738    4                       1         
G0793003000026716    2019012520190129826000000003850105300100000060196002568600000000000038500000142000001123738    4                       1         
G0793003000026716    2019012520190129826000000003750105300100000061038002642200000000000037500000142000001133738    4                       1         
G0793003000026716    2019012520190129826000000003750105300100000060616002604100000000000037500000142000001143738    4                       1         
G0793003000026716    2019012520190129826000000003750105300100000060272002575100000000000037500000142000001153738    4                       1         
G0793003000026716    2019012520190129826300000004650105300100000070791081640200000000000046500000142000001163939    4                       1         
G0793003000026716    2019012520190129826300000004200105300100000071674081550800000000000042000000142000001173939    4                       1         
G0793003000026716    2019012520190129826400000004200105300100000071907081573400000000000042000000142000001183939    4                       1         
G0793003000026716    2019012520190129826500000002400105300100000071196081678600000000000024000000142000001193939    4                       1         
G0793003000026716    2019012520190129826500000001250105300100000071905081573200000000000012500000142000001203939    4                       1         
G0793003000026716    2019012520190129826300000005400105300100000070623081623900000000000054000000142000001213939    4                       1         
G0793003000026716    2019012520190129826500000001250105300100000071064081492900000000000012500000142000001223939    4                       1         
G0793003000026716    2019012520190129826500000001250105300100000071006081660300000000000012500000142000001233939    4                       1         
G0793003000026716    2019012520190129826500000001250105300100000070279081418600000000000012500000142000001243939    4                       1         
G0793003000026716    2019012520190129826400000001250105300100000070903081650700000000000012500000142000001253939    4                       1         
G0793003000026716    2019012520190129826300000004850105300100000070673081455900000000000048500000142000001263939    4                       1         
G0793003000026716    2019012520190129826400000010500105300100000071465081704400000000000105000000142000001273939    4                       1         
G0793003000026716    2019012520190129826400000006900105300100000070861081646700000000000069000000142000001283939    4                       1         
G0793003000026716    2019012520190129826400000005800105300100000070679081629500000000000058000000142000001293939    4                       1         
G0793003000026716    2019012520190129826400000005200105300100000071609081717600000000000052000000142000001303939    4                       1         
G0793003000026716    2019012520190129826400000004650105300100000071584081715100000000000046500000142000001313939    4                       1         
G0793003000026716    2019012520190129826400000004150105300100000071438081702000000000000041500000142000001323939    4                       1         
G0793003000026716    2019012520190129826400000004150105300100000070387081601700000000000041500000142000001333939    4                       1         
G0793003000026716    2019012520190129826400000001250105300100000070265081590000000000000012500000142000001343939    4                       1         
G0793003000026716    2019012520190129826400000004100105300100000071336081692300000000000041000000142000001353939    4                       1         
G0793003000026716    2019012520190129826400000004100105300100000070830081643900000000000041000000142000001363939    4                       1         
G0793003000026716    2019012520190129826400000004100105300100000070747081636000000000000041000000142000001373939    4                       1         
G0793003000026716    2019012520190129826400000004100105300100000070064081584800000000000041000000142000001383939    4                       1         
G0793003000026716    2019012520190129826100000001850105300100000070431081605900000000000018500000142000001393939    4                       1         
G0793003000026716    2019012520190129826400000001300105300100000071799081562800000000000013000000142000001403939    4                       1         
G0793003000026716    2019012520190129826300000003000105300100000070886081649000000000000030000000142000001413939    4                       1         
G0793003000026716    2019012520190129826300000015150105300100000071398081525000000000000151500000142000001423939    4                       1         
G0793003000026716    2019012520190129826300000005800105300100000071282081686900000000000058000000142000001433939    4                       1         
G0793003000026716    2019012520190129826300000001800105300100000071851081740600000000000018000000142000001443939    4                       1         
G0793003000026716    2019012520190129826300000001800105300100000071589081715600000000000018000000142000001453939    4                       1         
G0793003000026716    2019012520190129826800000001300105300100000071540081537800000000000013000000142000001463939    4                       1         
G0793003000026716    2019012520190129826800000001250105300100000070985081658200000000000012500000142000001473939    4                       1         
G0793003000026716    2019012520190129826800000001250105300100000070542081443000000000000012500000142000001483939    4                       1         
G0793003000026716    2019012520190129826700000007050105300100000070498081439000000000000070500000142000001493939    4                       1         
G0793003000026716    2019012520190129826700000006350105300100000071854081740900000000000063500000142000001503939    4                       1         
G0793003000026716    2019012520190129826700000006350105300100000071717081727600000000000063500000142000001513939    4                       1         
G0793003000026716    2019012520190129826700000005200105300100000071159081675200000000000052000000142000001523939    4                       1         
G0793003000026716    2019012520190129826700000004100105300100000071479081705700000000000041000000142000001533939    4                       1         
G0793003000026716    2019012520190129826700000004100105300100000071443081702500000000000041000000142000001543939    4                       1         
G0793003000026716    2019012520190129826600000003500105300100000070736081461900000000000035000000142000001553939    4                       1         
G0793003000026716    2019012520190129826600000001250105300100000071240081682700000000000012500000142000001563939    4                       1         
G0793003000026716    2019012520190129826600000001250105300100000071051081664700000000000012500000142000001573939    4                       1         
G0793003000026716    2019012520190129826600000001250105300100000071027081662400000000000012500000142000001583939    4                       1         
G0793003000026716    2019012520190129826600000001250105300100000070589081620500000000000012500000142000001593939    4                       1         
G0793003000026716    2019012520190129826500000014000105300100000071002081659900000000000140000000142000001603939    4                       1         
G0793003000026716    2019012520190129826500000009800105300100000071595081543200000000000098000000142000001613939    4                       1         
G0793003000026716    2019012520190129826500000008350105300100000071289081514300000000000083500000142000001623939    4                       1         
G0793003000026716    2019012520190129826500000004750105300100000070328081423300000000000047500000142000001633939    4                       1         
G0793003000026716    2019012520190129826700000004100105300100000071440081702200000000000041000000142000001643939    4                       1         
G0793003000026716    2019012520190129826700000004100105300100000071311081689800000000000041000000142000001653939    4                       1         
G0793003000026716    2019012520190129826700000004100105300100000071257081684400000000000041000000142000001663939    4                       1         
G0793003000026716    2019012520190129826700000004100105300100000070730081461300000000000041000000142000001673939    4                       1         
G0793003000026716    2019012520190129826700000004100105300100000070618081623400000000000041000000142000001683939    4                       1         
G0793003000026716    2019012520190129826700000004100105300100000070513081613300000000000041000000142000001693939    4                       1         
G0793003000026716    2019012520190129826700000004100105300100000070496081611900000000000041000000142000001703939    4                       1         
G0793003000026716    2019012520190129826500000004200105300100000071873081570000000000000042000000142000001713939    4                       1         
G0793003000026716    2019012520190129826900000006550105300100000071313081690000000000000065500000142000001723939    4                       1         
G0793003000026716    2019012520190129826900000005600105300100000071708081554000000000000056000000142000001733939    4                       1         
G0793003000026716    2019012520190129826900000005200105300100000071324081691100000000000052000000142000001743939    4                       1         
G0793003000026716    2019012520190129826900000004100105300100000071951081750200000000000041000000142000001753939    4                       1         
G0793003000026716    2019012520190129826900000004100105300100000071820081737500000000000041000000142000001763939    4                       1         
G0793003000026716    2019012520190129826900000004100105300100000071572081713900000000000041000000142000001773939    4                       1         
G0793003000026716    2019012520190129826900000004100105300100000071120081671300000000000041000000142000001783939    4                       1         
G0793003000026716    2019012520190129826900000004100105300100000070632081624800000000000041000000142000001793939    4                       1         
G0793003000026716    2019012520190129826900000004100105300100000070525081441400000000000041000000142000001803939    4                       1         
G0793003000026716    2019012520190129826500000004100105300100000071714081727300000000000041000000142000001813939    4                       1         
G0793003000026716    2019012520190129826500000004100105300100000071493081533800000000000041000000142000001823939    4                       1         
G0793003000026716    2019012520190129826500000004100105300100000071385081697000000000000041000000142000001833939    4                       1         
G0793003000026716    2019012520190129826500000004100105300100000071109081670300000000000041000000142000001843939    4                       1         
G0793003000026716    2019012520190129826500000004100105300100000070811081642100000000000041000000142000001853939    4                       1         
G0793003000026716    2019012520190129826500000004100105300100000070523081441200000000000041000000142000001863939    4                       1         
G0793003000026716    2019012520190129826500000004100105300100000070396081602600000000000041000000142000001873939    4                       1         
G0793003000026716    2019012520190129826300000001800105300100000071008081660500000000000018000000142000001883939    4                       1         
G0793003000026716    2019012520190129826300000001300105300100000071540081711000000000000013000000142000001893939    4                       1         
G0793003000026716    2019012520190129826100000001250105300100000070470081609600000000000012500000142000001903939    4                       1         
G0793003000026716    2019012520190129826000000006550105300100000071279081513300000000000065500000142000001913939    4                       1         
G0793003000026716    2019012520190129826000000005950105300100000070738081462100000000000059500000142000001923939    4                       1         
G0793003000026716    2019012520190129826000000005800105300100000071642081720700000000000058000000142000001933939    4                       1         
G0793003000026716    2019012520190129826000000005800105300100000071003081660000000000000058000000142000001943939    4                       1         
G0793003000026716    2019012520190129826200000004200105300100000071224081507800000000000042000000142000001953939    4                       1         
G0793003000026716    2019012520190129826200000004100105300100000072008081581800000000000041000000142000001963939    4                       1         
G0793003000026716    2019012520190129826200000004100105300100000071439081702100000000000041000000142000001973939    4                       1         
G0793003000026716    2019012520190129826200000004100105300100000070812081642200000000000041000000142000001983939    4                       1         
G0793003000026716    2019012520190129826200000004100105300100000070775081638700000000000041000000142000001993939    4                       1         
G0793003000026716    2019012520190129826200000004100105300100000070772081638400000000000041000000142000002003939    4                       1         
G0793003000026716    2019012520190129826000000004200105300100000071138081673100000000000042000000142000002013939    4                       1         
G0793003000026716    2019012520190129826000000004200105300100000071055081492000000000000042000000142000002023939    4                       1         
G0793003000026716    2019012520190129826000000004100105300100000071226081681300000000000041000000142000002033939    4                       1         
G0793003000026716    2019012520190129826000000004100105300100000070552081444000000000000041000000142000002043939    4                       1         
G0793003000026716    2019012520190129826000000004100105300100000070347081597700000000000041000000142000002053939    4                       1         
G0793003000026716    2019012520190129826000000001250105300100000071750081730700000000000012500000142000002063939    4                       1         
G0793003000026716    2019012520190129826000000001250105300100000070972081656900000000000012500000142000002073939    4                       1         
G0793003000026716    2019012520190129826600000003750105300100000060184002567600000000000037500000142000002083738    4                       1         
G0793003000026716    2019012520190129826500000001100105300100000060825002623100000000000011000000142000002093738    4                       1         
G0793003000026716    2019012520190129826100000003850105300100000060902002523500000000000038500000142000002103738    4                       1         
G0793003000026716    2019012520190129826400000003750105300100000060097002566100000000000037500000142000002113738    4                       1         
G0793003000026716    2019012520190129826200000003750105300100000061098002647200000000000037500000142000002123738    4                       1         
G0793003000026716    2019012520190129826200000003750105300100000061085002646000000000000037500000142000002133738    4                       1         
G0793003000026716    2019012520190129826400000003700105300100000060800002621200000000000037000000142000002143738    4                       1         
G0793003000026716    2019012520190129826300000003750105300100000060698002611500000000000037500000142000002153738    4                       1         
G0793003000026716    2019012520190129826600000003750105300100000060955002634900000000000037500000142000002163738    4                       1         
G0793003000026716    2019012520190129826600000003750105300100000060676002609400000000000037500000142000002173738    4                       1         
G0793003000026716    2019012520190129826500000001100105300100000060575002600500000000000011000000142000002183738    4                       1         
G0793003000026716    2019012520190129826400000003800105300100000060158002460700000000000038000000142000002193738    4                       1         
G0793003000026716    2019012520190129826200000003750105300100000060192002568300000000000037500000142000002203738    4                       1         
G0793003000026716    2019012520190129826400000003750105300100000060901002630000000000000037500000142000002213738    4                       1         
G0793003000026716    2019012520190129826500000003750105300100000060280002575800000000000037500000142000002223738    4                       1         
G0793003000026716    2019012520190129826400000001650105300100000061183002654600000000000016500000142000002233738    4                       1         
G0793003000026716    2019012520190129826300000003750105300100000060708002612400000000000037500000142000002243738    4                       1         
G0793003000026716    2019012520190129826200000003800105300100000060281002575900000000000038000000142000002253738    4                       1         
G0793003000026716    2019012520190129826500000001100105300100000060723002613800000000000011000000142000002263738    4                       1         
G0793003000026716    2019012520190129826400000032600105300100000060848002518200000000000326000000142000002273738    4                       1         
G0793003000026716    2019012520190129826400000006300105300100000061230002551600000000000063000000142000002283738    4                       1         
G0793003000026716    2019012520190129826700000003850105300100000060937002526500000000000038500000142000002293738    4                       1         
G0793003000026716    2019012520190129826700000003750105300100000060765002617900000000000037500000142000002303738    4                       1         
G0793003000026716    2019012520190129826100000007650105300100000060702002611900000000000076500000142000002313738    4                       1         
G0793003000026716    2019012520190129826400000004750105300100000060419002587300000000000047500000142000002323738    4                       1         
G0793003000026716    2019012520190129826400000001150105300100000060371002583400000000000011500000142000002333738    4                       1         
G0793003000026716    2019012520190129826300000004650105300100000061284002556700000000000046500000142000002343738    4                       1         
G0793003000026716    2019012520190129826300000003850105300100000060853002518700000000000038500000142000002353738    4                       1         
G0793003000026716    2019012520190129826700000001100105300100000060806002621700000000000011000000142000002363738    4                       1         
G0793003000026716    2019012520190129826600000005750105300100000061228002658200000000000057500000142000002373738    4                       1         
G0793003000026716    2019012520190129826100000003850105300100000061114002648600000000000038500000142000002383738    4                       1         
G0793003000026716    2019012520190129826600000003750105300100000061116002648800000000000037500000142000002393738    4                       1         
G0793003000026716    2019012520190129826100000004200105320190114001323010347800100000000042000000142000002401829    4                       1         
G0793003000026716    2019012520190129826100000004200105320190114000327010281600100000000042000000142000002411829    4                       1         
G0793003000026716    2019012520190129826600000004300105320190114001124010334800100000000043000000142000002421829    4                       1         
G0793003000026716    2019012520190129826600000004300105320190114000311010280300100000000043000000142000002431829    4                       1         
G0793003000026716    2019012520190129826600000004200105320190114000772010313000100000000042000000142000002441829    4                       1         
G0793003000026716    2019012520190129826800000005950105320190114001597010365700100000000059500000142000002451829    4                       1         
G0793003000026716    2019012520190129826700000005350105320190114000629010301600100000000053500000142000002461829    4                       1         
G0793003000026716    2019012520190129826500000011100105320190114000602010299500100000000111000000142000002471829    4                       1         
G0793003000026716    2019012520190129826200000004200105320190201001046000611300100000000042000000142000002481141    4                       1         
G0793003000026716    2019012520190129826400000006750105320190103001842000496400100000000067500000142000002491141    4                       1         
G0793003000026716    2019012520190129826900000004200105320190114000711010307900100000000042000000142000002501829    4                       1         
G0793003000026716    2019012520190129826900000004200105320190114000608010300100100000000042000000142000002511829    4                       1         
G0793003000026716    2019012520190129826400000005800105320190201001615000650400100000000058000000142000002521141    4                       1         
G0793003000026716    2019012520190129826100000004200105320190201001973000676300100000000042000000142000002531141    4                       1         
G0793003000026716    2019012520190129826100000004200105320190201000040000533000100000000042000000142000002541141    4                       1         
G0793003000026716    2019012520190129826600000015600105320190103000699000413700100000000156000000142000002551141    4                       1         
G0793003000026716    2019012520190129826600000007450105320190103000356000386000100000000074500000142000002561141    4                       1         
G0793003000026716    2019012520190129826400000004300105320190201002160000689400100000000043000000142000002571141    4                       1         
G0793003000026716    2019012520190129826400000004300105320190201000374000558100100000000043000000142000002581141    4                       1         
G0793003000026716    2019012520190129826400000004200105320190201001769000661400100000000042000000142000002591141    4                       1         
G0793003000026716    2019012520190129826400000004200105320190201001275000627400100000000042000000142000002601141    4                       1         
G0793003000026716    2019012520190129826400000004200105320190103001449000468000100000000042000000142000002611141    4                       1         
G0793003000026716    2019012520190129826400000004200105320190103000152000370300100000000042000000142000002621141    4                       1         
G0793003000026716    2019012520190129826400000001300105320190201001266000696000100000000013000000142000002631141    4                       1         
G0793003000026716    2019012520190129826300000006050105320190103000526000400300100000000060500000142000002641141    4                       1         
G0793003000026716    2019012520190129826300000004350105320190201001713000657000100000000043500000142000002651141    4                       1         
G0793003000026716    2019012520190129826300000004300105320190201001594000648800100000000043000000142000002661141    4                       1         
G0793003000026716    2019012520190129826300000004300105320190201000982000606900100000000043000000142000002671141    4                       1         
G0793003000026716    2019012520190129826300000004200105320190201000780000591500100000000042000000142000002681141    4                       1         
G0793003000026716    2019012520190129826100000007100105320190201000471000566100100000000071000000142000002691141    4                       1         
G0793003000026716    2019012520190129826100000006600105320190201001756000660400100000000066000000142000002701141    4                       1         
G0793003000026716    2019012520190129826100000005350105320190201001949000674200100000000053500000142000002711141    4                       1         
G0793003000026716    2019012520190129826600000007350105320190103000940000432400100000000073500000142000002721141    4                       1         
G0793003000026716    2019012520190129826600000005950105320190201000817000594500100000000059500000142000002731141    4                       1         
G0793003000026716    2019012520190129826600000005950105320190103000288000380400100000000059500000142000002741141    4                       1         
G0793003000026716    2019012520190129826600000004300105320190103000374000387300100000000043000000142000002751141    4                       1         
G0793003000026716    2019012520190129826300000003100105320190205005740006841600100000000031000000142000002763863    4                       1         
G0793003000026716    2019012520190129826400000004150105320190204000763002594500100000000041500000142000002771116    4                       1         
G0793003000026716    2019012520190129826800000005350105320190115000607018050600100000000053500000142000002781141    4                       1         
G0793003000026716    2019012520190129826100000004200105320190121000677014237800100000000042000000142000002793089    4                       1         
G0793003000026716    2019012520190129826100000006550105320190115000028018002300100000000065500000142000002801141    4                       1         
G0793003000026716    2019012520190129826100000004200105320190121000581014229100100000000042000000142000002813089    4                       1         
G0793003000026716    2019012520190129826800000004150105320190103000403002523500100000000041500000142000002821116    4                       1         
G0793003000026716    2019012520190129826200000008350105320190103000667002539900100000000083500000142000002831116    4                       1         
G0793003000026716    2019012520190129826300000004200105320190121000955014260400100000000042000000142000002843089    4                       1         
G0793003000026716    2019012520190129826700000004200105320190114001691010371200100000000042000000142000002851829    4                       1         
G0793003000026716    2019012520190129826800000004350105320190121000324014205600100000000043500000142000002863089    4                       1         
G0793003000026716    2019012520190129826800000004300105320190121000640014234300100000000043000000142000002873089    4                       1         
G0793003000026716    2019012520190129826700000004350105320190121000149014190200100000000043500000142000002883089    4                       1         
G0793003000026716    2019012520190129826200000001300105320190121000937014259000100000000013000000142000002893089    4                       1         
G0793003000026716    2019012520190129826200000016200105320190205006016006850400100000000162000000142000002903863    4                       1         
G0793003000026716    2019012520190129826600000004200105320190115000440018036000100000000042000000142000002911141    4                       1         
G0793003000026716    2019012520190129826500000004150105320190204000789002596400100000000041500000142000002921116    4                       1         
G0793003000026716    2019012520190129826800000014400105320190115000018018213100100000000144000000142000002931141    4                       1         
G0793003000026716    2019012520190129826500000004150105320190204000614002585100100000000041500000142000002941116    4                       1         
G0793003000026716    2019012520190129826600000004400105320190121000886014255200100000000044000000142000002953089    4                       1         
G0793003000026716    2019012520190129826800000006650105320190121000554014226500100000000066500000142000002963089    4                       1         
G0793003000026716    2019012520190129826100000007100105320181221000618014146500100000000071000000142000002973089    4                       1         
G0793003000026716    2019012520190129826100000006550105320181221000153014103000100000000065500000142000002983089    4                       1         
G0793003000026716    2019012520190129826600000004350105320190121000180014193100100000000043500000142000002993089    4                       1         
G0793003000026716    2019012520190129826600000004200105320190201002083000683800100000000042000000142000003001141    4                       1         
G0793003000026716    2019012520190129826600000004200105320190201000723000586700100000000042000000142000003011141    4                       1         
G0793003000026716    2019012520190129826600000004200105320190103001185000450300100000000042000000142000003021141    4                       1         
G0793003000026716    2019012520190129826800000005400105320190201001470000640700100000000054000000142000003031141    4                       1         
G0793003000026716    2019012520190129826800000004900105320190103001544000474700100000000049000000142000003041141    4                       1         
G0793003000026716    2019012520190129826800000004300105320190103001208000451700100000000043000000142000003051141    4                       1         
G0793003000026716    2019012520190129826800000004300105320190103001038000439400100000000043000000142000003061141    4                       1         
G0793003000026716    2019012520190129826800000004200105320190201001360000633100100000000042000000142000003071141    4                       1         
G0793003000026716    2019012520190129826800000004200105320181203001621000359300100000000042000000142000003081141    4                       1         
G0793003000026716    2019012520190129826700000011950105320190103001811000494100100000000119500000142000003091141    4                       1         
G0793003000026716    2019012520190129826700000004800105320190201000247000547600100000000048000000142000003101141    4                       1         
G0793003000026716    2019012520190129826700000004300105320190201001403000635900100000000043000000142000003111141    4                       1         
G0793003000026716    2019012520190129826700000004200105320190201001457000639500100000000042000000142000003121141    4                       1         
G0793003000026716    2019012520190129826500000004200105320190201001894000670200100000000042000000142000003131141    4                       1         
G0793003000026716    2019012520190129826500000004200105320190201001597000649100100000000042000000142000003141141    4                       1         
G0793003000026716    2019012520190129826900000011100105320190103000540000401500100000000111000000142000003151141    4                       1         
G0793003000026716    2019012520190129826900000004200105320190201001792000663100100000000042000000142000003161141    4                       1         
G0793003000026716    2019012520190129826900000004200105320190201001616000650500100000000042000000142000003171141    4                       1         
G0793003000026716    2019012520190129826900000004200105320190201001277000627500100000000042000000142000003181141    4                       1         
G0793003000026716    2019012520190129826400000004800105320181221000886014169700100000000048000000142000003193089    4                       1         
G0793003000026716    2019012520190129826400000004200105320190115000533018044000100000000042000000142000003201141    4                       1         
G0793003000026716    2019012520190129826900000004200105320190115000525018043300100000000042000000142000003211141    4                       1         
G0793003000026716    2019012520190129826600000009450105320190121000384014211100100000000094500000142000003223089    4                       1         
G0793003000026716    2019012520190129826600000004550105320190121000424014214500100000000045500000142000003233089    4                       1         
G0793003000026716    2019012520190129826100000001300105320190121000873014254100100000000013000000142000003243089    4                       1         
G0793003000026716    2019012520190129826300000010900105320190121000896014255800100000000109000000142000003253089    4                       1         
G0793003000026716    2019012520190129826300000004300105320190121000264014200300100000000043000000142000003263089    4                       1         
G0793003000026716    2019012520190129826500000004200105320190115000575018047700100000000042000000142000003271141    4                       1         
G0793003000026716    2019012520190129826200000004150105320190204000263002565600100000000041500000142000003281116    4                       1         
G0793003000026716    2019012520190129826100000006550105320181221000153014103000100000000065500000142000003293089    4                       1         
G0793003000026716    2019012520190129826100000004350105320190121000153014190600100000000043500000142000003303089    4                       1         
G0793003000026716    2019012520190129826700000004150105320190204000541002580600100000000041500000142000003311116    4                       1         
G0793003000026716    2019012520190129826800000001400105320190121000835014251200100000000014000000142000003323089    4                       1         
G0793003000026716    2019012520190129826700000004800105320190121000618014232100100000000048000000142000003333089    4                       1         
G0793003000026716    2019012520190129826500000001300105320181221000835014165500100000000013000000142000003343089    4                       1         
G0793003000026716    2019012520190129826900000004200105320190201000448000564100100000000042000000142000003351141    4                       1         
G0793003000026716    2019012520190129826200000004200105320190115000291022026400100000000042000000142000003363738    4                       1         
G0793003000026716    2019012520190129826300000004200105320190115000591022053000100000000042000000142000003373738    4                       1         
G0793003000026716    2019012520190129826300000008450105320190115000714022063400100000000084500000142000003383738    4                       1         
G0793003000026716    2019012520190129826800000004200105320190115000385022034900100000000042000000142000003393738    4                       1         
G0793003000026716    2019012520190129826800000006550105320190115000306022027700100000000065500000142000003403738    4                       1         
G0793003000026716    2019012520190129826700000004300105320190121000644014234600100000000043000000142000003413089    4                       1         
G0793003000026716    2019012520190129826700000004200105320190121000663014236400100000000042000000142000003423089    4                       1         
G0793003000026716    2019012520190129826700000004200105320190121000447014216700100000000042000000142000003433089    4                       1         
G0793003000026716    2019012520190129826900000004200105320190103001081000442900100000000042000000142000003441141    4                       1         
G0793003000026716    2019012520190129826200000008000105320190103001970000505800100000000080000000142000003451141    4                       1         
G0793003000026716    2019012520190129826200000007300105320190103001563000475700100000000073000000142000003461141    4                       1         
G0793003000026716    2019012520190129826200000004300105320190201000724000586800100000000043000000142000003471141    4                       1         
G0793003000026716    2019012520190129826200000004300105320190201000086000536000100000000043000000142000003481141    4                       1         
G0793003000026716    2019012520190129826200000004200105320190201001598000649200100000000042000000142000003491141    4                       1         
G0793003000026716    2019012520190129826200000004200105320190201000761000589900100000000042000000142000003501141    4                       1         
G0793003000026716    2019012520190129826200000004200105320190201000466000565700100000000042000000142000003511141    4                       1         
G0793003000026716    2019012520190129826200000004200105320190103001621000480300100000000042000000142000003521141    4                       1         
G0793003000026716    2019012520190129826000000004200105320190103002096000514100100000000042000000142000003531141    4                       1         
G0793003000026716    2019012520190129826000000004200105320190103001894000500200100000000042000000142000003541141    4                       1         
G0793003000026716    2019012520190129826700000004050105320190204070098035712700100000000040500000142000003551829    4                       1         
G0793003000026716    2019012520190129826300000008600105320190114001227010341700100000000086000000142000003561829    4                       1         
G0793003000026716    2019012520190129826300000004200105320190114001452010356300100000000042000000142000003571829    4                       1         
G0793003000026716    2019012520190129826500000004300105320190121000867014253500100000000043000000142000003583089    4                       1         
G0793003000026716    2019012520190129826100000004050105320190204070378035731900100000000040500000142000003591829    4                       1         
G0793003000026716    2019012520190129826500000004700105320190205000130006780700100000000047000000142000003603863    4                       1         
G0793003000026716    2019012520190129826900000008550105320190205005931006845300100000000085500000142000003613863    4                       1         
G0793003000026716    2019012520190129826400000004050105320190204070452035737900100000000040500000142000003621829    4                       1         
G0793003000026716    2019012520190129826000000006000105320190205003410006811000100000000060000000142000003633863    4                       1         
G0793003000026716    2019012520190129826500000003100105320190205004340006819300100000000031000000142000003643863    4                       1         
G0793003000026716    2019012520190129826500000004200105320181221000149014102600100000000042000000142000003653089    4                       1         
G0793003000026716    2019012520190129826900000008050105320190121000629014233200100000000080500000142000003663089    4                       1         
G0793003000026716    2019012520190129826900000007850105320190121000636014233900100000000078500000142000003673089    4                       1         
G0793003000026716    2019012520190129826900000006150105320190121000423014214400100000000061500000142000003683089    4                       1         
G0793003000026716    2019012520190129826900000004300105320190121000674014237500100000000043000000142000003693089    4                       1         
G0793003000026716    2019012520190129826900000004200105320181221000955014175200100000000042000000142000003703089    4                       1         
G0793003000026716    2019012520190129826800000004700105320190205002942006806300100000000047000000142000003713863    4                       1         
G0793003000026716    2019012520190129826800000007300105320190103070770035684300100000000073000000142000003721829    4                       1         
G0793003000026716    2019012520190129826600000004300105320190103070100035637200100000000043000000142000003731829    4                       1         
G0793003000026716    2019012520190129826200000009100105320190204070657035752600100000000091000000142000003741829    4                       1         
G0793003000026716    2019012520190129826200000004050105320190204070604035748700100000000040500000142000003751829    4                       1         
G0793003000026716    2019012520190129826400000003100105320190205002280006800200100000000031000000142000003763863    4                       1         
G0793003000026716    2019012520190129826100000004050105320190204070248035722400100000000040500000142000003771829    4                       1         
G0793003000026716    2019012520190129826200000004200105320181221000324014119200100000000042000000142000003783089    4                       1         
G0793003000026716    2019012520190129826000000004900105320190121000512014222800100000000049000000142000003793089    4                       1         
G0793003000026716    2019012520190129826000000004200105320190121000932014258600100000000042000000142000003803089    4                       1         
G0793003000026716    2019012520190129826900000004300105320190114000440010288900100000000043000000142000003813939    4                       1         
G0793003000026716    2019012520190129826800000004050105320190204070715035757600100000000040500000142000003821829    4                       1         
G0793003000026716    2019012520190129826200000004050105320190204070734035759200100000000040500000142000003831626    4                       1         
G0793003000026716    2019012520190129826300000004700105320190205001070006789400100000000047000000142000003843863    4                       1         
G0793003000026716    2019012520190129826500000004200105320190114000733010309700100000000042000000142000003851829    4                       1         
G0793003000026716    2019012520190129826400000003850105320181206000928095603400100000000038500000142000003864481    4                       1         
G0793003000026716    2019012520190129826800000003850105320181206000169095529600100000000038500000142000003874481    4                       1         
G0793003000026716    2019012520190129826700000001250105320190204070581035747100100000000012500000142000003881829    4                       1         
G0793003000026716    2019012520190129826800000003100105320190205001190006790600100000000031000000142000003893863    4                       1         
G0793003000026716    2019012520190129826400000004700105320190205002380006801200100000000047000000142000003903863    4                       1         
G0793003000026716    2019012520190129826800000003850105320181107000605000060000100000000038500000142000003914481    4                       1         
G0793003000026716    2019012520190129826600000004050105320190204070322035728300100000000040500000142000003921829    4                       1         
G0793003000026716    2019012520190129826500000004050105320190204070652035752300100000000040500000142000003931829    4                       1         
G0793003000026716    2019012520190129826300000001250105320190204070049035709400100000000012500000142000003941829    4                       1         
G0793003000026716    2019012520190129826100000004700105320190205002340006800800100000000047000000142000003953863    4                       1         
G0793003000026716    2019012520190129826800000004850105320190205003480006811600100000000048500000142000003963863    4                       1         
G0793003000026716    2019012520190129826800000004050105320190204070427035735900100000000040500000142000003971829    4                       1         
G0793003000026716    2019012520190129826800000004050105320190204070296035726400100000000040500000142000003981829    4                       1         
G0793003000026716    2019012520190129826700000003850105320181206000096095522900100000000038500000142000003994481    4                       1         
G0793003000026716    2019012520190129826900000003850105320181206000716095582200100000000038500000142000004004481    4                       1         
G0793003000026716    2019012520190129826500000003850105320181206000605095571700100000000038500000142000004014481    4                       1         
G0793003000026716    2019012520190129826500000003850105320181107000306000030100100000000038500000142000004024481    4                       1         
G0793003000026716    2019012520190129826900000003850105320181206000292095541300100000000038500000142000004034481    4                       1         
G0793003000026716    2019012520190129826200000003850105320181206000621095573300100000000038500000142000004044481    4                       1         
G0793003000026716    2019012520190129826000000004600105320190204070187035717200100000000046000000142000004051829    4                       1         
G0793003000026716    2019012520190129826000000004050105320190204070396035733300100000000040500000142000004061829    4                       1         
G0793003000026716    2019012520190129826400000003100105320190205000150006780900100000000031000000142000004073863    4                       1         
G0793003000026716    2019012520190129826000000003850105320181206000983095608900100000000038500000142000004084481    4                       1         
G0793003000026716    2019012520190129826000000003850105320181107000287000028200100000000038500000142000004094481    4                       1         
G0793003000026716    2019012520190129826200000003850105320181107000292000028700100000000038500000142000004104481    4                       1         
G0793003000026716    2019012520190129826200000003850105320181107000274000026900100000000038500000142000004114481    4                       1         
G0793003000026716    2019012520190129826200000003850105320181107000096000009300100000000038500000142000004124481    4                       1         
G0793003000026716    2019012520190129826600000004400105320190121000509014222500100000000044000000142000004133089    4                       1         
G0793003000026716    2019012520190129826500000003100105320190205005180006826800100000000031000000142000004140793    4                       1         
G0793003000026716    2019012520190129826200000003100105320190205005130006826500100000000031000000142000004150793    4                       1         
G0793003000026716    2019012520190129826700000003100105320190205005420006829100100000000031000000142000004160793    4                       1         
Z00041800000000001908400                                                                                                                              
