A2201053              HIDROFORTETOCANTINS 104CAIXA ECON. FEDERAL 2019012900154003                                                                     
G0793003000026716    2019012820190129826900000008874105300100000060437002482800000000000088740000142000000010007    3                       1         
G0793003000026716    2019012820190129826000000009825105320190114000165010269900100000000098250000142000000020007    3                       1         
G0793003000026716    2019012820190129826600000009867105320190103000537000401300100000000098670000142000000030007    3                       1         
G0793003000026716    2019012820190130826800000004100105300100000071669081723100000000000041000000142000000042525    4                       1         
G0793003000026716    2019012820190130826900000003850105300100000060521002596300000000000038500000142000000053738    4                       1         
G0793003000026716    2019012820190130826900000003750105300100000060700002505000000000000037500000142000000062734    4                       1         
G0793003000026716    2019012820190130826000000003300105300100000005020006755000000000000033000000142000000070793    4                       1         
G0793003000026716    2019012820190130826300000003200105300100000005576006763300000000000032000000142000000080793    4                       1         
G0793003000026716    2019012820190130826700000007300105300100000060605002496700000000000073000000142000000093738    4                       1         
G0793003000026716    2019012820190130826100000008900105300100000072006081754200000000000089000000142000000103939    4                       1         
G0793003000026716    2019012820190130826700000005200105300100000070481081610600000000000052000000142000000111829    4                       1         
G0793003000026716    2019012820190130826100000006850105300100000070560081617800000000000068500000142000000123939    4                       1         
G0793003000026716    2019012820190130826100000005900105300100000070501081092700000000000059000000142000000133939    4                       1         
G0793003000026716    2019012820190130826900000003500105300100000070413081604200000000000035000000142000000143939    4                       1         
G0793003000026716    2019012820190130826900000001800105300100000071859081741400000000000018000000142000000153939    4                       1         
G0793003000026716    2019012820190130826700000001250105300100000071273081686000000000000012500000142000000163939    4                       1         
G0793003000026716    2019012820190130826700000001250105300100000071076081667100000000000012500000142000000173939    4                       1         
G0793003000026716    2019012820190130826700000001250105300100000070856081646300000000000012500000142000000183939    4                       1         
G0793003000026716    2019012820190130826800000006950105300100000070911081478600000000000069500000142000000193939    4                       1         
G0793003000026716    2019012820190130826800000006850105300100000070805081468700000000000068500000142000000203939    4                       1         
G0793003000026716    2019012820190130826800000006150105300100000071989081580500000000000061500000142000000213939    4                       1         
G0793003000026716    2019012820190130826800000005450105300100000071782081561100000000000054500000142000000223939    4                       1         
G0793003000026716    2019012820190130826100000005800105300100000071337081692400000000000058000000142000000233939    4                       1         
G0793003000026716    2019012820190130826300000004100105300100000071225081681200000000000041000000142000000243939    4                       1         
G0793003000026716    2019012820190130826300000004100105300100000070468081609500000000000041000000142000000253939    4                       1         
G0793003000026716    2019012820190130826300000001300105300100000070503081439400000000000013000000142000000263939    4                       1         
G0793003000026716    2019012820190130826300000001250105300100000071744081557500000000000012500000142000000273939    4                       1         
G0793003000026716    2019012820190130826300000001250105300100000070767081637900000000000012500000142000000283939    4                       1         
G0793003000026716    2019012820190130826200000009800105300100000071235081682200000000000098000000142000000293939    4                       1         
G0793003000026716    2019012820190130826200000007900105300100000072003081753900000000000079000000142000000303939    4                       1         
G0793003000026716    2019012820190130826200000006350105300100000071165081675800000000000063500000142000000313939    4                       1         
G0793003000026716    2019012820190130826200000004750105300100000071285081513900000000000047500000142000000323939    4                       1         
G0793003000026716    2019012820190130826300000014850105300100000071152081674500000000000148500000142000000333939    4                       1         
G0793003000026716    2019012820190130826300000011400105300100000071520081709300000000000114000000142000000343939    4                       1         
G0793003000026716    2019012820190130826300000007100105300100000071747081557800000000000071000000142000000353939    4                       1         
G0793003000026716    2019012820190130826300000006550105300100000071108081497000000000000065500000142000000363939    4                       1         
G0793003000026716    2019012820190130826300000006450105300100000070957081655600000000000064500000142000000373939    4                       1         
G0793003000026716    2019012820190130826300000004250105300100000070573081445900000000000042500000142000000383939    4                       1         
G0793003000026716    2019012820190130826300000004200105300100000071828081565700000000000042000000142000000393939    4                       1         
G0793003000026716    2019012820190130826300000004200105300100000071709081554100000000000042000000142000000403939    4                       1         
G0793003000026716    2019012820190130826300000004100105300100000071641081720600000000000041000000142000000413939    4                       1         
G0793003000026716    2019012820190130826300000004100105300100000071407081699200000000000041000000142000000423939    4                       1         
G0793003000026716    2019012820190130826100000004300105300100000070501081265700000000000043000000142000000433939    4                       1         
G0793003000026716    2019012820190130826300000004100105300100000071370081695500000000000041000000142000000443939    4                       1         
G0793003000026716    2019012820190130826300000004100105300100000071354081694100000000000041000000142000000453939    4                       1         
G0793003000026716    2019012820190130826300000004100105300100000071315081690200000000000041000000142000000463939    4                       1         
G0793003000026716    2019012820190130826100000004150105300100000070580081619600000000000041500000142000000473939    4                       1         
G0793003000026716    2019012820190130826100000004100105300100000071410081699500000000000041000000142000000483939    4                       1         
G0793003000026716    2019012820190130826100000004100105300100000071392081697700000000000041000000142000000493939    4                       1         
G0793003000026716    2019012820190130826100000004100105300100000071070081666500000000000041000000142000000503939    4                       1         
G0793003000026716    2019012820190130826200000004150105300100000071366081521800000000000041500000142000000513939    4                       1         
G0793003000026716    2019012820190130826200000004100105300100000071617081718400000000000041000000142000000523939    4                       1         
G0793003000026716    2019012820190130826200000004100105300100000071484081706100000000000041000000142000000533939    4                       1         
G0793003000026716    2019012820190130826200000004100105300100000070837081644600000000000041000000142000000543939    4                       1         
G0793003000026716    2019012820190130826200000001350105300100000070921081479600000000000013500000142000000553939    4                       1         
G0793003000026716    2019012820190130826200000001350105300100000070397081429900000000000013500000142000000563939    4                       1         
G0793003000026716    2019012820190130826200000001250105300100000071772081732700000000000012500000142000000573939    4                       1         
G0793003000026716    2019012820190130826200000001250105300100000071347081693400000000000012500000142000000583939    4                       1         
G0793003000026716    2019012820190130826200000001250105300100000071019081661600000000000012500000142000000593939    4                       1         
G0793003000026716    2019012820190130826200000001250105300100000070376081427800000000000012500000142000000603939    4                       1         
G0793003000026716    2019012820190130826600000003500105300100000070928081480200000000000035000000142000000613939    4                       1         
G0793003000026716    2019012820190130826600000001300105300100000071759081558900000000000013000000142000000623939    4                       1         
G0793003000026716    2019012820190130826600000001250105300100000070504081612600000000000012500000142000000633939    4                       1         
G0793003000026716    2019012820190130826800000004200105300100000070489081611300000000000042000000142000000643939    4                       1         
G0793003000026716    2019012820190130826800000004150105300100000070596081621200000000000041500000142000000653939    4                       1         
G0793003000026716    2019012820190130826400000010500105300100000071452081703200000000000105000000142000000663939    4                       1         
G0793003000026716    2019012820190130826400000007650105300100000070467081609400000000000076500000142000000673939    4                       1         
G0793003000026716    2019012820190130826400000004750105300100000071872081569900000000000047500000142000000683939    4                       1         
G0793003000026716    2019012820190130826100000001250105300100000070251081588600000000000012500000142000000693939    4                       1         
G0793003000026716    2019012820190130826000000016850105300100000070871081647700000000000168500000142000000703939    4                       1         
G0793003000026716    2019012820190130826000000009050105300100000071627081719300000000000090500000142000000713939    4                       1         
G0793003000026716    2019012820190130826000000006400105300100000071839081566800000000000064000000142000000723939    4                       1         
G0793003000026716    2019012820190130826000000004100105300100000070327081596000000000000041000000142000000733939    4                       1         
G0793003000026716    2019012820190130826000000005600105300100000071918081574500000000000056000000142000000743939    4                       1         
G0793003000026716    2019012820190130826000000005250105300100000070758081464100000000000052500000142000000753939    4                       1         
G0793003000026716    2019012820190130826000000004200105300100000071771081560000000000000042000000142000000763939    4                       1         
G0793003000026716    2019012820190130826000000004200105300100000070889081649300000000000042000000142000000773939    4                       1         
G0793003000026716    2019012820190130826000000004100105300100000071983081752600000000000041000000142000000783939    4                       1         
G0793003000026716    2019012820190130826000000004100105300100000071893081744600000000000041000000142000000793939    4                       1         
G0793003000026716    2019012820190130826000000004100105300100000071213081680100000000000041000000142000000803939    4                       1         
G0793003000026716    2019012820190130826000000004100105300100000071086081668100000000000041000000142000000813939    4                       1         
G0793003000026716    2019012820190130826000000004100105300100000070797081640800000000000041000000142000000823939    4                       1         
G0793003000026716    2019012820190130826000000004100105300100000070629081624500000000000041000000142000000833939    4                       1         
G0793003000026716    2019012820190130826000000004100105300100000070475081610100000000000041000000142000000843939    4                       1         
G0793003000026716    2019012820190130826000000001300105300100000071026081489300000000000013000000142000000853939    4                       1         
G0793003000026716    2019012820190130826000000001250105300100000071785081734000000000000012500000142000000863939    4                       1         
G0793003000026716    2019012820190130826800000004100105300100000071818081737300000000000041000000142000000873939    4                       1         
G0793003000026716    2019012820190130826800000004100105300100000070873081647900000000000041000000142000000883939    4                       1         
G0793003000026716    2019012820190130826500000006900105300100000071491081706800000000000069000000142000000893939    4                       1         
G0793003000026716    2019012820190130826500000006300105300100000071046081491100000000000063000000142000000903939    4                       1         
G0793003000026716    2019012820190130826500000005900105300100000071978081579700000000000059000000142000000913939    4                       1         
G0793003000026716    2019012820190130826900000028200105300100000071568081713600000000000282000000142000000923939    4                       1         
G0793003000026716    2019012820190130826500000005300105300100000071731081728900000000000053000000142000000933939    4                       1         
G0793003000026716    2019012820190130826400000004200105300100000071081081667600000000000042000000142000000943939    4                       1         
G0793003000026716    2019012820190130826900000009750105300100000070364081426600000000000097500000142000000953939    4                       1         
G0793003000026716    2019012820190130826900000005600105300100000072012081754800000000000056000000142000000963939    4                       1         
G0793003000026716    2019012820190130826800000001300105300100000070848081472700000000000013000000142000000973939    4                       1         
G0793003000026716    2019012820190130826900000005350105300100000070728081461100000000000053500000142000000983939    4                       1         
G0793003000026716    2019012820190130826800000001250105300100000071932081748400000000000012500000142000000993939    4                       1         
G0793003000026716    2019012820190130826800000001250105300100000071128081672100000000000012500000142000001003939    4                       1         
G0793003000026716    2019012820190130826800000001250105300100000070950081654900000000000012500000142000001013939    4                       1         
G0793003000026716    2019012820190130826700000006350105300100000071100081669400000000000063500000142000001023939    4                       1         
G0793003000026716    2019012820190130826700000005350105300100000071381081523300000000000053500000142000001033939    4                       1         
G0793003000026716    2019012820190130826900000004200105300100000071157081501800000000000042000000142000001043939    4                       1         
G0793003000026716    2019012820190130826100000001300105300100000071195081678500000000000013000000142000001053939    4                       1         
G0793003000026716    2019012820190130826100000001250105300100000071797081735200000000000012500000142000001063939    4                       1         
G0793003000026716    2019012820190130826100000001250105300100000070904081650800000000000012500000142000001073939    4                       1         
G0793003000026716    2019012820190130826100000001250105300100000070563081618000000000000012500000142000001083939    4                       1         
G0793003000026716    2019012820190130826500000004200105300100000070389081429100000000000042000000142000001093939    4                       1         
G0793003000026716    2019012820190130826500000004200105300100000070320081422500000000000042000000142000001103939    4                       1         
G0793003000026716    2019012820190130826500000004100105300100000071791081734600000000000041000000142000001113939    4                       1         
G0793003000026716    2019012820190130826500000004100105300100000071363081694900000000000041000000142000001123939    4                       1         
G0793003000026716    2019012820190130826500000004100105300100000071103081669700000000000041000000142000001133939    4                       1         
G0793003000026716    2019012820190130826500000004100105300100000070585081620100000000000041000000142000001143939    4                       1         
G0793003000026716    2019012820190130826500000004100105300100000070487081611100000000000041000000142000001153939    4                       1         
G0793003000026716    2019012820190130826500000003550105300100000070263081589800000000000035500000142000001163939    4                       1         
G0793003000026716    2019012820190130826500000001400105300100000070956081482600000000000014000000142000001173939    4                       1         
G0793003000026716    2019012820190130826500000001300105300100000070512081440100000000000013000000142000001183939    4                       1         
G0793003000026716    2019012820190130826500000001250105300100000071826081738100000000000012500000142000001193939    4                       1         
G0793003000026716    2019012820190130826500000001250105300100000071061081665600000000000012500000142000001203939    4                       1         
G0793003000026716    2019012820190130826500000001250105300100000071049081664500000000000012500000142000001213939    4                       1         
G0793003000026716    2019012820190130826500000001250105300100000071000081659700000000000012500000142000001223939    4                       1         
G0793003000026716    2019012820190130826400000004150105300100000070514081440300000000000041500000142000001233939    4                       1         
G0793003000026716    2019012820190130826400000004100105300100000071586081715300000000000041000000142000001243939    4                       1         
G0793003000026716    2019012820190130826400000004100105300100000071419081700300000000000041000000142000001253939    4                       1         
G0793003000026716    2019012820190130826400000004100105300100000071184081677400000000000041000000142000001263939    4                       1         
G0793003000026716    2019012820190130826400000004100105300100000070979081657600000000000041000000142000001273939    4                       1         
G0793003000026716    2019012820190130826400000004100105300100000070909081651200000000000041000000142000001283939    4                       1         
G0793003000026716    2019012820190130826400000004100105300100000070698081631200000000000041000000142000001293939    4                       1         
G0793003000026716    2019012820190130826400000004100105300100000070517081613700000000000041000000142000001303939    4                       1         
G0793003000026716    2019012820190130826400000001250105300100000071805081563400000000000012500000142000001313939    4                       1         
G0793003000026716    2019012820190130826400000001250105300100000070495081611800000000000012500000142000001323939    4                       1         
G0793003000026716    2019012820190130826900000004950105300100000003430006740900000000000049500000142000001333863    4                       1         
G0793003000026716    2019012820190130826900000004700105300100000003180006738400000000000047000000142000001343863    4                       1         
G0793003000026716    2019012820190130826400000008300105300100000001150006719500000000000083000000142000001353863    4                       1         
G0793003000026716    2019012820190130826400000003200105300100000001180006719800000000000032000000142000001363863    4                       1         
G0793003000026716    2019012820190130826000000003100105300100000005563006762300000000000031000000142000001373863    4                       1         
G0793003000026716    2019012820190130826900000003500105300100000005646006768400000000000035000000142000001383863    4                       1         
G0793003000026716    2019012820190130826700000005300105300100000004520006750500000000000053000000142000001393863    4                       1         
G0793003000026716    2019012820190130826400000001250105300100000070491081611500000000000012500000142000001403939    4                       1         
G0793003000026716    2019012820190130826200000004150105300100000070000020255500000000000041500000142000001411829    4                       1         
G0793003000026716    2019012820190130826900000001250105300100000070262020271100000000000012500000142000001421829    4                       1         
G0793003000026716    2019012820190130826900000004050105300100000070410020281800000000000040500000142000001431829    4                       1         
G0793003000026716    2019012820190130826600000004200105300100000071912081746500000000000042000000142000001443939    4                       1         
G0793003000026716    2019012820190130826600000004200105300100000071183081677300000000000042000000142000001453939    4                       1         
G0793003000026716    2019012820190130826600000004100105300100000071486081706300000000000041000000142000001463939    4                       1         
G0793003000026716    2019012820190130826600000004100105300100000071097081669100000000000041000000142000001473939    4                       1         
G0793003000026716    2019012820190130826600000004100105300100000070920081652300000000000041000000142000001483939    4                       1         
G0793003000026716    2019012820190130826600000004100105300100000070694081630800000000000041000000142000001493939    4                       1         
G0793003000026716    2019012820190130826500000004200105300100000070425081432600000000000042000000142000001503939    4                       1         
G0793003000026716    2019012820190130826900000004100105300100000071485081706200000000000041000000142000001513939    4                       1         
G0793003000026716    2019012820190130826600000001350105300100000070262020243900000000000013500000142000001521829    4                       1         
G0793003000026716    2019012820190130826900000004100105300100000071481081705900000000000041000000142000001533939    4                       1         
G0793003000026716    2019012820190130826900000004100105300100000071369081695400000000000041000000142000001543939    4                       1         
G0793003000026716    2019012820190130826600000001300105300100000070403035657800000000000013000000142000001551829    4                       1         
G0793003000026716    2019012820190130826100000004200105300100000070211035643300000000000042000000142000001561829    4                       1         
G0793003000026716    2019012820190130826800000004750105300100000070690035678500000000000047500000142000001571829    4                       1         
G0793003000026716    2019012820190130826100000003250105300100000005616006766300000000000032500000142000001583863    4                       1         
G0793003000026716    2019012820190130826200000004100105300100000000440006712600000000000041000000142000001593863    4                       1         
G0793003000026716    2019012820190130826200000003200105300100000000680006715000000000000032000000142000001603863    4                       1         
G0793003000026716    2019012820190130826300000004400105300100000071027035702100000000000044000000142000001611829    4                       1         
G0793003000026716    2019012820190130826600000003200105300100000001620006723800000000000032000000142000001623863    4                       1         
G0793003000026716    2019012820190130826300000004100105300100000070536035437600000000000041000000142000001631829    4                       1         
G0793003000026716    2019012820190130826300000004100105300100000070924035695000000000000041000000142000001641829    4                       1         
G0793003000026716    2019012820190130826200000012350105300100000070548035668000000000000123500000142000001651829    4                       1         
G0793003000026716    2019012820190130826900000007850105300100000070938035696100000000000078500000142000001661829    4                       1         
G0793003000026716    2019012820190130826300000015050105300100000070334020276900000000000150500000142000001671829    4                       1         
G0793003000026716    2019012820190130826900000004100105300100000071162081675500000000000041000000142000001683939    4                       1         
G0793003000026716    2019012820190130826900000004100105300100000070932081653400000000000041000000142000001693939    4                       1         
G0793003000026716    2019012820190130826400000004100105300100000070536035360600000000000041000000142000001701829    4                       1         
G0793003000026716    2019012820190130826400000004850105300100000070331035652900000000000048500000142000001711829    4                       1         
G0793003000026716    2019012820190130826900000004100105300100000070800081641100000000000041000000142000001723939    4                       1         
G0793003000026716    2019012820190130826900000004100105300100000070306081593900000000000041000000142000001733939    4                       1         
G0793003000026716    2019012820190130826700000004200105300100000071505081534900000000000042000000142000001743939    4                       1         
G0793003000026716    2019012820190130826700000004200105300100000070547081443500000000000042000000142000001753939    4                       1         
G0793003000026716    2019012820190130826600000003750105300100000061193002655600000000000037500000142000001763738    4                       1         
G0793003000026716    2019012820190130826600000003750105300100000061168002653300000000000037500000142000001773738    4                       1         
G0793003000026716    2019012820190130826600000003750105300100000061049002643200000000000037500000142000001783738    4                       1         
G0793003000026716    2019012820190130826600000003750105300100000060817002622500000000000037500000142000001793738    4                       1         
G0793003000026716    2019012820190130826600000003750105300100000060474002592500000000000037500000142000001803738    4                       1         
G0793003000026716    2019012820190130826400000003750105300100000060810002622000000000000037500000142000001813738    4                       1         
G0793003000026716    2019012820190130826400000003750105300100000060572002600200000000000037500000142000001823738    4                       1         
G0793003000026716    2019012820190130826400000003750105300100000060409002586500000000000037500000142000001833738    4                       1         
G0793003000026716    2019012820190130826600000006950105300100000060191002568200000000000069500000142000001843738    4                       1         
G0793003000026716    2019012820190130826600000005900105300100000060445002483600000000000059000000142000001853738    4                       1         
G0793003000026716    2019012820190130826600000003850105300100000061102002647600000000000038500000142000001863738    4                       1         
G0793003000026716    2019012820190130826600000003850105300100000060624002498200000000000038500000142000001873738    4                       1         
G0793003000026716    2019012820190130826900000003800105300100000060900002629900000000000038000000142000001883738    4                       1         
G0793003000026716    2019012820190130826700000004250105300100000060899002629800000000000042500000142000001893738    4                       1         
G0793003000026716    2019012820190130826700000004150105300100000071198081678800000000000041500000142000001903939    4                       1         
G0793003000026716    2019012820190130826700000004100105300100000071891081744400000000000041000000142000001913939    4                       1         
G0793003000026716    2019012820190130826700000004100105300100000070798081640900000000000041000000142000001923939    4                       1         
G0793003000026716    2019012820190130826700000004100105300100000070706081632000000000000041000000142000001933939    4                       1         
G0793003000026716    2019012820190130826700000004100105300100000070027081584000000000000041000000142000001943939    4                       1         
G0793003000026716    2019012820190130826700000003500105300100000071083081667800000000000035000000142000001953939    4                       1         
G0793003000026716    2019012820190130826700000001350105300100000072001081581100000000000013500000142000001963939    4                       1         
G0793003000026716    2019012820190130826700000001350105300100000070091081413500000000000013500000142000001973939    4                       1         
G0793003000026716    2019012820190130826700000001300105300100000071049081491400000000000013000000142000001983939    4                       1         
G0793003000026716    2019012820190130826700000001250105300100000071470081704900000000000012500000142000001993939    4                       1         
G0793003000026716    2019012820190130826700000003900105300100000060525002490500000000000039000000142000002003738    4                       1         
G0793003000026716    2019012820190130826700000003850105300100000060299002471400000000000038500000142000002013738    4                       1         
G0793003000026716    2019012820190130826700000003750105300100000061051002643400000000000037500000142000002023738    4                       1         
G0793003000026716    2019012820190130826700000003750105300100000060967002529100000000000037500000142000002033738    4                       1         
G0793003000026716    2019012820190130826800000001500105300100000070028035632400000000000015000000142000002041829    4                       1         
G0793003000026716    2019012820190130826200000001150105300100000060768002511400000000000011500000142000002053738    4                       1         
G0793003000026716    2019012820190130826200000003750105300100000060736002615100000000000037500000142000002063738    4                       1         
G0793003000026716    2019012820190130826200000003750105300100000060714002613000000000000037500000142000002073738    4                       1         
G0793003000026716    2019012820190130826700000005800105300100000060248002467100000000000058000000142000002083738    4                       1         
G0793003000026716    2019012820190130826100000003750105300100000061091002646600000000000037500000142000002093738    4                       1         
G0793003000026716    2019012820190130826500000004100105300100000070253035646900000000000041000000142000002101829    4                       1         
G0793003000026716    2019012820190130826200000003750105300100000060950002634400000000000037500000142000002113738    4                       1         
G0793003000026716    2019012820190130826300000003800105300100000061135002543600000000000038000000142000002123738    4                       1         
G0793003000026716    2019012820190130826300000003750105300100000061136002650500000000000037500000142000002133738    4                       1         
G0793003000026716    2019012820190130826200000003750105300100000061074002645200000000000037500000142000002143738    4                       1         
G0793003000026716    2019012820190130826100000005800105300100000060738002615300000000000058000000142000002153738    4                       1         
G0793003000026716    2019012820190130826200000003750105300100000060665002608300000000000037500000142000002163738    4                       1         
G0793003000026716    2019012820190130826300000003950105300100000060746002509300000000000039500000142000002173738    4                       1         
G0793003000026716    2019012820190130826300000003750105300100000060375002583700000000000037500000142000002183738    4                       1         
G0793003000026716    2019012820190130826100000004750105300100000060991002638200000000000047500000142000002193738    4                       1         
G0793003000026716    2019012820190130826300000005100105300100000061285002454000000000000051000000142000002203738    4                       1         
G0793003000026716    2019012820190130826300000003750105300100000060360002582600000000000037500000142000002213738    4                       1         
G0793003000026716    2019012820190130826600000003800105300100000060793002620500000000000038000000142000002223738    4                       1         
G0793003000026716    2019012820190130826300000003750105300100000060319002579000000000000037500000142000002233738    4                       1         
G0793003000026716    2019012820190130826200000009850105300100000060975002636600000000000098500000142000002243738    4                       1         
G0793003000026716    2019012820190130826200000005550105300100000060435002482600000000000055500000142000002253738    4                       1         
G0793003000026716    2019012820190130826200000005300105300100000061094002646900000000000053000000142000002263738    4                       1         
G0793003000026716    2019012820190130826900000003900105300100000060473002592400000000000039000000142000002273738    4                       1         
G0793003000026716    2019012820190130826200000004650105300100000061250002450600000000000046500000142000002283738    4                       1         
G0793003000026716    2019012820190130826700000003750105300100000060722002613700000000000037500000142000002293738    4                       1         
G0793003000026716    2019012820190130826400000001150105300100000060617002497800000000000011500000142000002303738    4                       1         
G0793003000026716    2019012820190130826400000001100105300100000060704002612100000000000011000000142000002313738    4                       1         
G0793003000026716    2019012820190130826300000006700105300100000061024002641100000000000067000000142000002323738    4                       1         
G0793003000026716    2019012820190130826200000003800105300100000060852002625400000000000038000000142000002333738    4                       1         
G0793003000026716    2019012820190130826200000003750105300100000061195002655700000000000037500000142000002343738    4                       1         
G0793003000026716    2019012820190130826200000003750105300100000060864002626600000000000037500000142000002353738    4                       1         
G0793003000026716    2019012820190130826700000003750105300100000060684002610200000000000037500000142000002363738    4                       1         
G0793003000026716    2019012820190130826700000003750105300100000060377002583900000000000037500000142000002373738    4                       1         
G0793003000026716    2019012820190130826700000003750105300100000060366002583100000000000037500000142000002383738    4                       1         
G0793003000026716    2019012820190130826900000003750105300100000060980002637100000000000037500000142000002393738    4                       1         
G0793003000026716    2019012820190130826900000001150105300100000061128002649900000000000011500000142000002403738    4                       1         
G0793003000026716    2019012820190130826900000001100105300100000060647002606700000000000011000000142000002413738    4                       1         
G0793003000026716    2019012820190130826800000003900105300100000060669002502100000000000039000000142000002423738    4                       1         
G0793003000026716    2019012820190130826800000003900105300100000060203002463100000000000039000000142000002433738    4                       1         
G0793003000026716    2019012820190130826800000003850105300100000060391002478800000000000038500000142000002443738    4                       1         
G0793003000026716    2019012820190130826900000006750105300100000060908002630500000000000067500000142000002453738    4                       1         
G0793003000026716    2019012820190130826800000003850105300100000060210002463600000000000038500000142000002463738    4                       1         
G0793003000026716    2019012820190130826300000004250105300100000060279002575700000000000042500000142000002473738    4                       1         
G0793003000026716    2019012820190130826200000004000105300100000060453002590400000000000040000000142000002483738    4                       1         
G0793003000026716    2019012820190130826800000003750105300100000060813002515600000000000037500000142000002493738    4                       1         
G0793003000026716    2019012820190130826800000003750105300100000060547002142800000000000037500000142000002503738    4                       1         
G0793003000026716    2019012820190130826800000003750105300100000060547001789800000000000037500000142000002513738    4                       1         
G0793003000026716    2019012820190130826700000013750105300100000061317002559900000000000137500000142000002523738    4                       1         
G0793003000026716    2019012820190130826500000003900105300100000060273002469200000000000039000000142000002533738    4                       1         
G0793003000026716    2019012820190130826500000003750105300100000061046002642900000000000037500000142000002543738    4                       1         
G0793003000026716    2019012820190130826500000003750105300100000060935002526300000000000037500000142000002553738    4                       1         
G0793003000026716    2019012820190130826500000001150105300100000061110002648200000000000011500000142000002563738    4                       1         
G0793003000026716    2019012820190130826400000005900105300100000060877002627900000000000059000000142000002573738    4                       1         
G0793003000026716    2019012820190130826000000003850105300100000060812002515500000000000038500000142000002583738    4                       1         
G0793003000026716    2019012820190130826000000003750105300100000060801002621300000000000037500000142000002593738    4                       1         
G0793003000026716    2019012820190130826000000002200105300100000060677002609500000000000022000000142000002603738    4                       1         
G0793003000026716    2019012820190130826700000008450105320190114000115010266000100000000084500000142000002611829    4                       1         
G0793003000026716    2019012820190130826300000007550105320190204070692035755700100000000075500000142000002621829    4                       1         
G0793003000026716    2019012820190130826900000004050105320190204070822035765100100000000040500000142000002631829    4                       1         
G0793003000026716    2019012820190130826800000004050105320190204070149035714500100000000040500000142000002641829    4                       1         
G0793003000026716    2019012820190130826000000004200105320190114000729010309300100000000042000000142000002651829    4                       1         
G0793003000026716    2019012820190130826100000003200105320190205002070006798200100000000032000000142000002663863    4                       1         
G0793003000026716    2019012820190130826400000010100105320190114000684010305800100000000101000000142000002671829    4                       1         
G0793003000026716    2019012820190130826100000004050105320190204070989035777700100000000040500000142000002681829    4                       1         
G0793003000026716    2019012820190130826200000004700105320190205003530006812000100000000047000000142000002693863    4                       1         
G0793003000026716    2019012820190130826200000001250105320190204070736035759300100000000012500000142000002701829    4                       1         
G0793003000026716    2019012820190130826500000004050105320190204070556035745600100000000040500000142000002711829    4                       1         
G0793003000026716    2019012820190130826600000004050105320190204070743035759900100000000040500000142000002721829    4                       1         
G0793003000026716    2019012820190130826600000004050105320190204070552035745300100000000040500000142000002731829    4                       1         
G0793003000026716    2019012820190130826200000003100105320190205005926006844800100000000031000000142000002743863    4                       1         
G0793003000026716    2019012820190130826600000003200105320190205003760006814100100000000032000000142000002753863    4                       1         
G0793003000026716    2019012820190130826000000004900105320190204070195035718000100000000049000000142000002761829    4                       1         
G0793003000026716    2019012820190130826600000004050105320190204070990035777800100000000040500000142000002771829    4                       1         
G0793003000026716    2019012820190130826000000003100105320190205003120006808100100000000031000000142000002783863    4                       1         
G0793003000026716    2019012820190130826300000003100105320190205001850006796600100000000031000000142000002793863    4                       1         
G0793003000026716    2019012820190130826000000004300105320190114000426010287800100000000043000000142000002801829    4                       1         
G0793003000026716    2019012820190130826900000004200105320190114001564010363300100000000042000000142000002811829    4                       1         
G0793003000026716    2019012820190130826400000005550105320190114000595010298900100000000055500000142000002821829    4                       1         
G0793003000026716    2019012820190130826400000004900105320190114000964010326400100000000049000000142000002831829    4                       1         
G0793003000026716    2019012820190130826000000004050105320190204070251035722600100000000040500000142000002841829    4                       1         
G0793003000026716    2019012820190130826000000004300105320190114000237010275000100000000043000000142000002851829    4                       1         
G0793003000026716    2019012820190130826600000006850105320190204070944035774200100000000068500000142000002861829    4                       1         
G0793003000026716    2019012820190130826000000010250105320190103001167000449200100000000102500000142000002871141    4                       1         
G0793003000026716    2019012820190130826000000008150105320190201001349000632400100000000081500000142000002881141    4                       1         
G0793003000026716    2019012820190130826000000008050105320190103001730000488000100000000080500000142000002891141    4                       1         
G0793003000026716    2019012820190130826000000006100105320190103002051000511200100000000061000000142000002901141    4                       1         
G0793003000026716    2019012820190130826000000005550105320190103001019000438200100000000055500000142000002911141    4                       1         
G0793003000026716    2019012820190130826400000004050105320190204070726035758600100000000040500000142000002921829    4                       1         
G0793003000026716    2019012820190130826400000001250105320190204070029035708100100000000012500000142000002931829    4                       1         
G0793003000026716    2019012820190130826000000004050105320190204070538035744100100000000040500000142000002941829    4                       1         
G0793003000026716    2019012820190130826600000005150105320190204070619035749900100000000051500000142000002951829    4                       1         
G0793003000026716    2019012820190130826500000004150105320190204070928035772900100000000041500000142000002961829    4                       1         
G0793003000026716    2019012820190130826000000004050105320190204070169035715600100000000040500000142000002971829    4                       1         
G0793003000026716    2019012820190130826700000004050105320190204071033035780400100000000040500000142000002981829    4                       1         
G0793003000026716    2019012820190130826000000005450105320190103000305000381800100000000054500000142000002991141    4                       1         
G0793003000026716    2019012820190130826000000004350105320190103000335000384100100000000043500000142000003001141    4                       1         
G0793003000026716    2019012820190130826000000004300105320190201000702000584800100000000043000000142000003011141    4                       1         
G0793003000026716    2019012820190130826000000004300105320190201000680000583200100000000043000000142000003021141    4                       1         
G0793003000026716    2019012820190130826000000004200105320190201000673000582700100000000042000000142000003031141    4                       1         
G0793003000026716    2019012820190130826000000004200105320190201000629000579700100000000042000000142000003041141    4                       1         
G0793003000026716    2019012820190130826000000004200105320190103000426000391700100000000042000000142000003051141    4                       1         
G0793003000026716    2019012820190130826000000004200105320190114001676010370500100000000042000000142000003061829    4                       1         
G0793003000026716    2019012820190130826100000005350105320190214000181010394300100000000053500000142000003071829    4                       1         
G0793003000026716    2019012820190130826300000010350105320190114001142010336100100000000103500000142000003081829    4                       1         
G0793003000026716    2019012820190130826300000008800105320190114001019010329500100000000088000000142000003091829    4                       1         
G0793003000026716    2019012820190130826300000005450105320190114000599010299300100000000054500000142000003101829    4                       1         
G0793003000026716    2019012820190130826300000004350105320190114000370010284100100000000043500000142000003111829    4                       1         
G0793003000026716    2019012820190130826300000004200105320190114001472010358000100000000042000000142000003121829    4                       1         
G0793003000026716    2019012820190130826300000004200105320181213000425010160800100000000042000000142000003131829    4                       1         
G0793003000026716    2019012820190130826100000004200105320190114001666010369700100000000042000000142000003141829    4                       1         
G0793003000026716    2019012820190130826100000004200105320190114000804010315700100000000042000000142000003151829    4                       1         
G0793003000026716    2019012820190130826100000004200105320181213000088010136400100000000042000000142000003161829    4                       1         
G0793003000026716    2019012820190130826200000004300105320190114000753010311400100000000043000000142000003171829    4                       1         
G0793003000026716    2019012820190130826200000004200105320190114000924010323900100000000042000000142000003181829    4                       1         
G0793003000026716    2019012820190130826200000004200105320190114000854010319900100000000042000000142000003191829    4                       1         
G0793003000026716    2019012820190130826200000004200105320190114000088010264100100000000042000000142000003201829    4                       1         
G0793003000026716    2019012820190130826200000004050105320190204070825035765300100000000040500000142000003211829    4                       1         
G0793003000026716    2019012820190130826100000004050105320190204070971035776300100000000040500000142000003221829    4                       1         
G0793003000026716    2019012820190130826400000004300105320190114000996010328200100000000043000000142000003231829    4                       1         
G0793003000026716    2019012820190130826400000004300105320190114000931010324300100000000043000000142000003241829    4                       1         
G0793003000026716    2019012820190130826500000004200105320190114001633010368100100000000042000000142000003251829    4                       1         
G0793003000026716    2019012820190130826400000004200105320190114000856010320100100000000042000000142000003261829    4                       1         
G0793003000026716    2019012820190130826400000004050105320190204070782035762400100000000040500000142000003271829    4                       1         
G0793003000026716    2019012820190130826500000004300105320190114000223010274100100000000043000000142000003281829    4                       1         
G0793003000026716    2019012820190130826600000006850105320190204070958035775300100000000068500000142000003291829    4                       1         
G0793003000026716    2019012820190130826600000004800105320190214000942010447800100000000048000000142000003301829    4                       1         
G0793003000026716    2019012820190130826600000004350105320190114001464010357300100000000043500000142000003311829    4                       1         
G0793003000026716    2019012820190130826600000004300105320190114000855010320000100000000043000000142000003321829    4                       1         
G0793003000026716    2019012820190130826500000004200105320190114000083010263700100000000042000000142000003331829    4                       1         
G0793003000026716    2019012820190130826900000007300105320190114001383010352000100000000073000000142000003341829    4                       1         
G0793003000026716    2019012820190130826700000004300105320190114001716010373100100000000043000000142000003351829    4                       1         
G0793003000026716    2019012820190130826700000004200105320190214001107010456900100000000042000000142000003361829    4                       1         
G0793003000026716    2019012820190130826900000002900105320190204070028035708000100000000029000000142000003371829    4                       1         
G0793003000026716    2019012820190130826200000004700105320190205004480006820400100000000047000000142000003383863    4                       1         
G0793003000026716    2019012820190130826500000004200105320190201000638000580300100000000042000000142000003391141    4                       1         
G0793003000026716    2019012820190130826500000004200105320190115000317022028600100000000042000000142000003403738    4                       1         
G0793003000026716    2019012820190130826800000004200105320190115000031022002700100000000042000000142000003413738    4                       1         
G0793003000026716    2019012820190130826600000005350105320190115000763022066900100000000053500000142000003423738    4                       1         
G0793003000026716    2019012820190130826500000004200105320190115000271022024500100000000042000000142000003433738    4                       1         
G0793003000026716    2019012820190130826800000004300105320190121000647014234900100000000043000000142000003443089    4                       1         
G0793003000026716    2019012820190130826800000004800105320190115000327022029500100000000048000000142000003453738    4                       1         
G0793003000026716    2019012820190130826800000004300105320190121000525014223900100000000043000000142000003463089    4                       1         
G0793003000026716    2019012820190130826800000004200105320181221000952014174900100000000042000000142000003473089    4                       1         
G0793003000026716    2019012820190130826400000017350105320190115000058022005200100000000173500000142000003483738    4                       1         
G0793003000026716    2019012820190130826900000010850105320190121000223014196800100000000108500000142000003493089    4                       1         
G0793003000026716    2019012820190130826900000005350105320190121000367014209600100000000053500000142000003503089    4                       1         
G0793003000026716    2019012820190130826900000004300105320181221000047014092600100000000043000000142000003513089    4                       1         
G0793003000026716    2019012820190130826900000004200105320190121000587014262300100000000042000000142000003523089    4                       1         
G0793003000026716    2019012820190130826900000004200105320190121000047014180900100000000042000000142000003533089    4                       1         
G0793003000026716    2019012820190130826700000016650105320190121000428014214900100000000166500000142000003543089    4                       1         
G0793003000026716    2019012820190130826700000007850105320181221000587014143800100000000078500000142000003553089    4                       1         
G0793003000026716    2019012820190130826000000004350105320190121000952014260100100000000043500000142000003563089    4                       1         
G0793003000026716    2019012820190130826000000004200105320190121000680014238100100000000042000000142000003573089    4                       1         
G0793003000026716    2019012820190130826700000003850105320181107000477000047200100000000038500000142000003581737    4                       1         
G0793003000026716    2019012820190130826000000004200105320181121000306014029400100000000042000000142000003593089    4                       1         
G0793003000026716    2019012820190130826200000004200105320181221000306014117400100000000042000000142000003603089    4                       1         
G0793003000026716    2019012820190130826500000004200105320190201000221000545600100000000042000000142000003611141    4                       1         
G0793003000026716    2019012820190130826500000004200105320190103001203000451200100000000042000000142000003621141    4                       1         
G0793003000026716    2019012820190130826700000004300105320190103001734000488300100000000043000000142000003631141    4                       1         
G0793003000026716    2019012820190130826700000004300105320190103000367000386700100000000043000000142000003641141    4                       1         
G0793003000026716    2019012820190130826100000004200105320190115000088022007900100000000042000000142000003653738    4                       1         
G0793003000026716    2019012820190130826100000004800105320190115000391022035500100000000048000000142000003663738    4                       1         
G0793003000026716    2019012820190130826200000004200105320190115000463022041500100000000042000000142000003673738    4                       1         
G0793003000026716    2019012820190130826400000004200105320190115000732022064300100000000042000000142000003683738    4                       1         
G0793003000026716    2019012820190130826900000005350105320190115000535022047800100000000053500000142000003693738    4                       1         
G0793003000026716    2019012820190130826900000010850105320190115000114022010200100000000108500000142000003703738    4                       1         
G0793003000026716    2019012820190130826700000004200105320190201002152000688800100000000042000000142000003711141    4                       1         
G0793003000026716    2019012820190130826700000004200105320190201001910000671500100000000042000000142000003721141    4                       1         
G0793003000026716    2019012820190130826700000004200105320190201000756000589500100000000042000000142000003731141    4                       1         
G0793003000026716    2019012820190130826100000009650105320190103001727000487800100000000096500000142000003741141    4                       1         
G0793003000026716    2019012820190130826100000006700105320190103000632000409200100000000067000000142000003751141    4                       1         
G0793003000026716    2019012820190130826100000006550105320190201000490000567700100000000065500000142000003761141    4                       1         
G0793003000026716    2019012820190130826100000005650105320190201002038000680600100000000056500000142000003771141    4                       1         
G0793003000026716    2019012820190130826700000004200105320190201001214000623600100000000042000000142000003781141    4                       1         
G0793003000026716    2019012820190130826700000004200105320190201000427000562500100000000042000000142000003791141    4                       1         
G0793003000026716    2019012820190130826700000004200105320190103001707000486100100000000042000000142000003801141    4                       1         
G0793003000026716    2019012820190130826100000005500105320190103000806000422500100000000055000000142000003811141    4                       1         
G0793003000026716    2019012820190130826100000004800105320190201001580000647500100000000048000000142000003821141    4                       1         
G0793003000026716    2019012820190130826200000012000105320190103000552000402500100000000120000000142000003831141    4                       1         
G0793003000026716    2019012820190130826200000010850105320190201000237000546800100000000108500000142000003841141    4                       1         
G0793003000026716    2019012820190130826200000008450105320190201001872000668700100000000084500000142000003851141    4                       1         
G0793003000026716    2019012820190130826200000008150105320190201002056000681800100000000081500000142000003861141    4                       1         
G0793003000026716    2019012820190130826700000004200105320181203001252000285100100000000042000000142000003871141    4                       1         
G0793003000026716    2019012820190130826900000000200105320190103002183000520800100000000002000000142000003881141    4                       1         
G0793003000026716    2019012820190130826800000008650105320190103000028000361500100000000086500000142000003891141    4                       1         
G0793003000026716    2019012820190130826800000007250105320190103000879000427900100000000072500000142000003901141    4                       1         
G0793003000026716    2019012820190130826800000004800105320190201001727000658200100000000048000000142000003911141    4                       1         
G0793003000026716    2019012820190130826200000005600105320190201000891000600000100000000056000000142000003921141    4                       1         
G0793003000026716    2019012820190130826200000005500105320190103001554000475400100000000055000000142000003931141    4                       1         
G0793003000026716    2019012820190130826200000005450105320190201001140000618400100000000054500000142000003941141    4                       1         
G0793003000026716    2019012820190130826300000014500105320190103000788000421200100000000145000000142000003951141    4                       1         
G0793003000026716    2019012820190130826300000006700105320190201001525000644300100000000067000000142000003961141    4                       1         
G0793003000026716    2019012820190130826100000004350105320190103002032000510000100000000043500000142000003971141    4                       1         
G0793003000026716    2019012820190130826100000004350105320190103001252000455100100000000043500000142000003981141    4                       1         
G0793003000026716    2019012820190130826100000004350105320190103000357000386100100000000043500000142000003991141    4                       1         
G0793003000026716    2019012820190130826300000005600105320190103001447000467800100000000056000000142000004001141    4                       1         
G0793003000026716    2019012820190130826300000004900105320190103001768000490900100000000049000000142000004011141    4                       1         
G0793003000026716    2019012820190130826800000004800105320190201000550000573000100000000048000000142000004021141    4                       1         
G0793003000026716    2019012820190130826800000004400105320190201002072000682800100000000044000000142000004031141    4                       1         
G0793003000026716    2019012820190130826800000003100105320190205002860006805600100000000031000000142000004043863    4                       1         
G0793003000026716    2019012820190130826600000003100105320190205002730006804200100000000031000000142000004053863    4                       1         
G0793003000026716    2019012820190130826000000003250105320181105005785006628900100000000032500000142000004063863    4                       1         
G0793003000026716    2019012820190130826500000005700105320190205006004006849500100000000057000000142000004073863    4                       1         
G0793003000026716    2019012820190130826700000005300105320190205003180006808700100000000053000000142000004083863    4                       1         
G0793003000026716    2019012820190130826200000004200105320190115000161018013400100000000042000000142000004091141    4                       1         
G0793003000026716    2019012820190130826600000004200105320190115000192018016200100000000042000000142000004101141    4                       1         
G0793003000026716    2019012820190130826000000004200105320190115000377018030900100000000042000000142000004111141    4                       1         
G0793003000026716    2019012820190130826500000003100105320181205005785006700300100000000031000000142000004123863    4                       1         
G0793003000026716    2019012820190130826600000013300105320190205005938006845700100000000133000000142000004133863    4                       1         
G0793003000026716    2019012820190130826000000003200105320190205005520006829800100000000032000000142000004143863    4                       1         
G0793003000026716    2019012820190130826700000003200105320190205000680006785900100000000032000000142000004153863    4                       1         
G0793003000026716    2019012820190130826000000003200105320190205004100006817100100000000032000000142000004163863    4                       1         
G0793003000026716    2019012820190130826500000005550105320190205004440006820100100000000055500000142000004173863    4                       1         
G0793003000026716    2019012820190130826400000004300105320190205004301006819000100000000043000000142000004183863    4                       1         
G0793003000026716    2019012820190130826500000004200105320190115000545018045200100000000042000000142000004191141    4                       1         
G0793003000026716    2019012820190130826500000006550105320190115000234018019600100000000065500000142000004201141    4                       1         
G0793003000026716    2019012820190130826600000013450105320190205004690006822500100000000134500000142000004213863    4                       1         
G0793003000026716    2019012820190130826000000003100105320190205003320006810300100000000031000000142000004223863    4                       1         
G0793003000026716    2019012820190130826400000005000105320190205002980006806800100000000050000000142000004233863    4                       1         
G0793003000026716    2019012820190130826000000003300105320190205005643006838800100000000033000000142000004243863    4                       1         
G0793003000026716    2019012820190130826700000003100105320190205004730006822800100000000031000000142000004253863    4                       1         
G0793003000026716    2019012820190130826900000004200105320190115000419018034300100000000042000000142000004261141    4                       1         
G0793003000026716    2019012820190130826500000003100105320190205001700006795200100000000031000000142000004273863    4                       1         
G0793003000026716    2019012820190130826800000004200105320190115000130018011100100000000042000000142000004281141    4                       1         
G0793003000026716    2019012820190130826200000010000105320190103000421002524600100000000100000000142000004291116    4                       1         
G0793003000026716    2019012820190130826200000008350105320190103000143002508000100000000083500000142000004301116    4                       1         
G0793003000026716    2019012820190130826000000003100105320190205005523006830100100000000031000000142000004313863    4                       1         
G0793003000026716    2019012820190130826300000004200105320190115000382018031400100000000042000000142000004321141    4                       1         
G0793003000026716    2019012820190130826200000004800105320190115000108018009200100000000048000000142000004331141    4                       1         
G0793003000026716    2019012820190130826200000004200105320190115000190018016000100000000042000000142000004341141    4                       1         
G0793003000026716    2019012820190130826900000010100105320190115000714018059300100000000101000000142000004351141    4                       1         
G0793003000026716    2019012820190130826300000001250105320190204000527002579600100000000012500000142000004361116    4                       1         
G0793003000026716    2019012820190130826300000004750105320190103000738002544500100000000047500000142000004371116    4                       1         
G0793003000026716    2019012820190130826800000004200105320190201001505000642800100000000042000000142000004381141    4                       1         
G0793003000026716    2019012820190130826800000004200105320190103001617000479900100000000042000000142000004391141    4                       1         
G0793003000026716    2019012820190130826100000004150105320190204000619002585500100000000041500000142000004401116    4                       1         
G0793003000026716    2019012820190130826800000004200105320190103000956000433700100000000042000000142000004411141    4                       1         
G0793003000026716    2019012820190130826800000004200105320190201001437000638300100000000042000000142000004421141    4                       1         
G0793003000026716    2019012820190130826800000004200105320190201001191000622000100000000042000000142000004431141    4                       1         
G0793003000026716    2019012820190130826800000004200105320190201000183000542900100000000042000000142000004441141    4                       1         
G0793003000026716    2019012820190130826900000015300105320190201001689000655600100000000153000000142000004451141    4                       1         
G0793003000026716    2019012820190130826900000011150105320190103000543000401800100000000111500000142000004461141    4                       1         
G0793003000026716    2019012820190130826900000008900105320190201000966000605900100000000089000000142000004471141    4                       1         
G0793003000026716    2019012820190130826800000003850105320181107000623000061800100000000038500000142000004484481    4                       1         
G0793003000026716    2019012820190130826000000003850105320181107000908000090300100000000038500000142000004494481    4                       1         
G0793003000026716    2019012820190130826500000003850105320181206000623095573500100000000038500000142000004504481    4                       1         
G0793003000026716    2019012820190130826200000003850105320181107000364000035900100000000038500000142000004514481    4                       1         
G0793003000026716    2019012820190130826100000003850105320181206001109095621400100000000038500000142000004524481    4                       1         
G0793003000026716    2019012820190130826800000003850105320181206000036095517400100000000038500000142000004534481    4                       1         
G0793003000026716    2019012820190130826000000003850105320181206000908095601400100000000038500000142000004544481    4                       1         
G0793003000026716    2019012820190130826600000004300105320190114000571010297100100000000043000000142000004551829    4                       1         
G0793003000026716    2019012820190130826000000005350105320190114000950010325500100000000053500000142000004561829    4                       1         
G0793003000026716    2019012820190130826900000016050105320190204071044035781300100000000160500000142000004571829    4                       1         
G0793003000026716    2019012820190130826200000003850105320181107000472000046700100000000038500000142000004584481    4                       1         
G0793003000026716    2019012820190130826900000008450105320190103001872000498600100000000084500000142000004591141    4                       1         
G0793003000026716    2019012820190130826900000006700105320190103002093000513800100000000067000000142000004601141    4                       1         
G0793003000026716    2019012820190130826900000005350105320190201000818000594600100000000053500000142000004611141    4                       1         
G0793003000026716    2019012820190130826900000004300105320190201001003000608200100000000043000000142000004621141    4                       1         
G0793003000026716    2019012820190130826900000004200105320190201002105000685300100000000042000000142000004631141    4                       1         
G0793003000026716    2019012820190130826700000008450105320190201000964000605800100000000084500000142000004641141    4                       1         
G0793003000026716    2019012820190130826700000008000105320190103000907000429700100000000080000000142000004651141    4                       1         
G0793003000026716    2019012820190130826700000007850105320190201000663000581800100000000078500000142000004661141    4                       1         
G0793003000026716    2019012820190130826700000004950105320190103001212000452100100000000049500000142000004671141    4                       1         
G0793003000026716    2019012820190130826900000004200105320181101000829000070400100000000042000000142000004681141    4                       1         
G0793003000026716    2019012820190130826700000004300105320190201001535000644900100000000043000000142000004691141    4                       1         
G0793003000026716    2019012820190130826400000008600105320181203001727000319900100000000086000000142000004701141    4                       1         
G0793003000026716    2019012820190130826400000007600105320190103001338000460500100000000076000000142000004711141    4                       1         
G0793003000026716    2019012820190130826400000005950105320190201001120000616800100000000059500000142000004721141    4                       1         
G0793003000026716    2019012820190130826400000005400105320190103001740000488800100000000054000000142000004731141    4                       1         
G0793003000026716    2019012820190130826000000011100105320190103000931000431500100000000111000000142000004741141    4                       1         
G0793003000026716    2019012820190130826300000003100105320190205005400006829000100000000031000000142000004750793    4                       1         
G0793003000026716    2019012820190130826900000003100105320190205005579006834100100000000031000000142000004760793    4                       1         
G0793003000026716    2019012820190130826300000004400105320190103002167000519300100000000044000000142000004771141    4                       1         
G0793003000026716    2019012820190130826300000004300105320190103001003000436800100000000043000000142000004781141    4                       1         
G0793003000026716    2019012820190130826300000004200105320190201001270000627200100000000042000000142000004791141    4                       1         
G0793003000026716    2019012820190130826300000004200105320190201001002000608100100000000042000000142000004801141    4                       1         
G0793003000026716    2019012820190130826300000004200105320190201000915000601800100000000042000000142000004811141    4                       1         
G0793003000026716    2019012820190130826300000004200105320190201000623000579400100000000042000000142000004821141    4                       1         
G0793003000026716    2019012820190130826300000004200105320190103000829000526600100000000042000000142000004831141    4                       1         
G0793003000026716    2019012820190130826100000004300105320190201000399000560100100000000043000000142000004841141    4                       1         
G0793003000026716    2019012820190130826100000004200105320190201001158000619600100000000042000000142000004851141    4                       1         
G0793003000026716    2019012820190130826100000004200105320190201000182000542800100000000042000000142000004861141    4                       1         
G0793003000026716    2019012820190130826200000004200105320190201000864000598200100000000042000000142000004871141    4                       1         
G0793003000026716    2019012820190130826200000004200105320190201000412000561200100000000042000000142000004881141    4                       1         
G0793003000026716    2019012820190130826100000010250105320190103001006000437100100000000102500000142000004891141    4                       1         
G0793003000026716    2019012820190130826500000005500105320190103001223000453100100000000055000000142000004901141    4                       1         
G0793003000026716    2019012820190130826400000004350105320190103002160000518600100000000043500000142000004911141    4                       1         
G0793003000026716    2019012820190130826400000004300105320190103001994000507500100000000043000000142000004921141    4                       1         
G0793003000026716    2019012820190130826400000004200105320190201001490000641900100000000042000000142000004931141    4                       1         
G0793003000026716    2019012820190130826400000004200105320190201001310000629600100000000042000000142000004941141    4                       1         
G0793003000026716    2019012820190130826400000004200105320190201000956000605100100000000042000000142000004951141    4                       1         
G0793003000026716    2019012820190130826400000004200105320190201000794000592600100000000042000000142000004961141    4                       1         
G0793003000026716    2019012820190130826400000004200105320181203001617000311600100000000042000000142000004971141    4                       1         
G0793003000026716    2019012820190130826400000004200105320181203000829000251500100000000042000000142000004981141    4                       1         
G0793003000026716    2019012820190130826400000001300105320190201002118000686000100000000013000000142000004991141    4                       1         
G0793003000026716    2019012820190130826500000004600105320190103002152000518000100000000046000000142000005001141    4                       1         
G0793003000026716    2019012820190130826500000004500105320190201001938000673300100000000045000000142000005011141    4                       1         
G0793003000026716    2019012820190130826500000004300105320190201000151000541000100000000043000000142000005021141    4                       1         
G0793003000026716    2019012820190130826500000004300105320190103001024000438400100000000043000000142000005031141    4                       1         
G0793003000026716    2019012820190130826500000004200105320190201001946000673900100000000042000000142000005041141    4                       1         
G0793003000026716    2019012820190130826500000004200105320190201001790000662900100000000042000000142000005051141    4                       1         
G0793003000026716    2019012820190130826600000007400105320190103001170000449400100000000074000000142000005061141    4                       1         
G0793003000026716    2019012820190130826600000006150105320190201001465000640200100000000061500000142000005071141    4                       1         
G0793003000026716    2019012820190130826600000005950105320190103001490000471000100000000059500000142000005081141    4                       1         
G0793003000026716    2019012820190130826600000004800105320190103001117000445500100000000048000000142000005091141    4                       1         
G0793003000026716    2019012820190130826600000004400105320190201001201000622400100000000044000000142000005101141    4                       1         
G0793003000026716    2019012820190130826600000004300105320190201001833000666100100000000043000000142000005111141    4                       1         
G0793003000026716    2019012820190130826600000004200105320190201002013000678900100000000042000000142000005121141    4                       1         
G0793003000026716    2019012820190130826600000004200105320190201000946000604200100000000042000000142000005131141    4                       1         
G0793003000026716    2019012820190130826600000004200105320190201000831000595600100000000042000000142000005141141    4                       1         
G0793003000026716    2019012820190130826600000004200105320190201000002000529800100000000042000000142000005151141    4                       1         
G0793003000026716    2019012820190130826600000004200105320190103002055000525100100000000042000000142000005161141    4                       1         
G0793003000026716    2019012820190130826500000004200105320190201001166000620300100000000042000000142000005171141    4                       1         
G0793003000026716    2019012820190130826500000004200105320190201000939000694700100000000042000000142000005181141    4                       1         
G0793003000026716    2019012820190130826200000004150105320190204000731002592200100000000041500000142000005191116    4                       1         
G0793003000026716    2019012820190130826400000004150105320190204000566002582200100000000041500000142000005201116    4                       1         
G0793003000026716    2019012820190130826400000004150105320190204000375002571400100000000041500000142000005211116    4                       1         
G0793003000026716    2019012820190130826400000004150105320190204000176002560100100000000041500000142000005221116    4                       1         
G0793003000026716    2019012820190130826400000001250105320190204000545002580800100000000012500000142000005231116    4                       1         
G0793003000026716    2019012820190130826600000005900105320190204000486002577300100000000059000000142000005241116    4                       1         
G0793003000026716    2019012820190130826600000004150105320190204000659002587700100000000041500000142000005251116    4                       1         
G0793003000026716    2019012820190130826900000004150105320190204000677002588900100000000041500000142000005261116    4                       1         
G0793003000026716    2019012820190130826500000004150105320190204000130002557500100000000041500000142000005271116    4                       1         
G0793003000026716    2019012820190130826700000004150105320190204000421002573800100000000041500000142000005281116    4                       1         
G0793003000026716    2019012820190130826700000004150105320190103000195002511400100000000041500000142000005291116    4                       1         
G0793003000026716    2019012820190130826800000008600105320190204000468002576200100000000086000000142000005301116    4                       1         
G0793003000026716    2019012820190130826900000008350105320190204000143002558000100000000083500000142000005311116    4                       1         
G0793003000026716    2019012820190130826900000004250105320190204000765002594600100000000042500000142000005321116    4                       1         
G0793003000026716    2019012820190130826700000008350105320190103000020002501000100000000083500000142000005331116    4                       1         
G0793003000026716    2019012820190130826500000004150105320190204000755002594000100000000041500000142000005341116    4                       1         
G0793003000026716    2019012820190130826500000004150105320190204000167002559700100000000041500000142000005351116    4                       1         
G0793003000026716    2019012820190130826300000004300105320190121000028014179000100000000043000000142000005363089    4                       1         
G0793003000026716    2019012820190130826100000005600105320190121000656014235800100000000056000000142000005373089    4                       1         
G0793003000026716    2019012820190130826300000001400105320190121000962014261100100000000014000000142000005383089    4                       1         
G0793003000026716    2019012820190130826200000008600105320190121000450014217000100000000086000000142000005393089    4                       1         
G0793003000026716    2019012820190130826200000006050105320190121000293014202800100000000060500000142000005403089    4                       1         
G0793003000026716    2019012820190130826200000004300105320190121000259014199800100000000043000000142000005413089    4                       1         
G0793003000026716    2019012820190130826100000004800105320190121000736014243100100000000048000000142000005423089    4                       1         
G0793003000026716    2019012820190130826300000004400105320190121000249014198900100000000044000000142000005433089    4                       1         
G0793003000026716    2019012820190130826100000004300105320190121000565014227600100000000043000000142000005443089    4                       1         
G0793003000026716    2019012820190130826100000004200105320181221000680014152500100000000042000000142000005453089    4                       1         
G0793003000026716    2019012820190130826200000004200105320181221000549014140300100000000042000000142000005463089    4                       1         
G0793003000026716    2019012820190130826100000001550105320190121000894014255600100000000015500000142000005473089    4                       1         
G0793003000026716    2019012820190130826200000001400105320190121000480014219900100000000014000000142000005483089    4                       1         
G0793003000026716    2019012820190130826400000004200105320190121000945014259600100000000042000000142000005493089    4                       1         
G0793003000026716    2019012820190130826400000004200105320190121000404014212600100000000042000000142000005503089    4                       1         
G0793003000026716    2019012820190130826400000004200105320181221000647014149300100000000042000000142000005513089    4                       1         
G0793003000026716    2019012820190130826400000002500105320190121000821014250100100000000025000000142000005523089    4                       1         
G0793003000026716    2019012820190130826500000004950105320190121000314014204600100000000049500000142000005533089    4                       1         
G0793003000026716    2019012820190130826500000004800105320190121000411014213300100000000048000000142000005543089    4                       1         
G0793003000026716    2019012820190130826600000005500105320181221000367014123300100000000055000000142000005553089    4                       1         
G0793003000026716    2019012820190130826600000004300105320190121000545014225700100000000043000000142000005563089    4                       1         
G0793003000026716    2019012820190130826600000004200105320190121000635014233800100000000042000000142000005573089    4                       1         
G0793003000026716    2019012820190130826600000004200105320190121000478014219700100000000042000000142000005583089    4                       1         
G0793003000026716    2019012820190130826600000004200105320181121000587014055900100000000042000000142000005593089    4                       1         
G0793003000026716    2019012820190130826700000004300105320190121000709014240800100000000043000000142000005603089    4                       1         
Z00056200000000002661466                                                                                                                              
