A2201053              HIDROFORTETOCANTINS 104CAIXA ECON. FEDERAL 2019013000154103                                                                     
G0793003000026716    2019012920190131826100000001300105320181221000550014140400100000000013000000142000000013089    4                       1         
G0793003000026716    2019012920190131826000000009050105300100000070416081604500000000000090500000142000000021829    4                       1         
G0793003000026716    2019012920190131826400000004250105300100000071039081490400000000000042500000142000000033939    4                       1         
G0793003000026716    2019012920190131826400000004200105300100000070073081585200000000000042000000142000000043939    4                       1         
G0793003000026716    2019012920190131826400000004100105300100000071935081748700000000000041000000142000000053939    4                       1         
G0793003000026716    2019012920190131826400000004100105300100000071622081718900000000000041000000142000000063939    4                       1         
G0793003000026716    2019012920190131826400000004100105300100000071567081713500000000000041000000142000000073939    4                       1         
G0793003000026716    2019012920190131826400000004100105300100000071348081693500000000000041000000142000000083939    4                       1         
G0793003000026716    2019012920190131826400000004100105300100000071119081671200000000000041000000142000000093939    4                       1         
G0793003000026716    2019012920190131826400000001800105300100000071054081664900000000000018000000142000000103939    4                       1         
G0793003000026716    2019012920190131826400000001800105300100000070378081600800000000000018000000142000000113939    4                       1         
G0793003000026716    2019012920190131826200000004250105300100000070895081477100000000000042500000142000000123939    4                       1         
G0793003000026716    2019012920190131826200000004150105300100000071822081565100000000000041500000142000000133939    4                       1         
G0793003000026716    2019012920190131826400000001300105300100000070322081422700000000000013000000142000000143939    4                       1         
G0793003000026716    2019012920190131826300000005800105300100000071140081673300000000000058000000142000000153939    4                       1         
G0793003000026716    2019012920190131826200000004100105300100000071950081750100000000000041000000142000000163939    4                       1         
G0793003000026716    2019012920190131826500000004200105300100000071134081499600000000000042000000142000000173939    4                       1         
G0793003000026716    2019012920190131826500000004200105300100000070280081418700000000000042000000142000000183939    4                       1         
G0793003000026716    2019012920190131826500000004150105300100000070354081598400000000000041500000142000000193939    4                       1         
G0793003000026716    2019012920190131826500000004100105300100000072016081755200000000000041000000142000000203939    4                       1         
G0793003000026716    2019012920190131826500000004100105300100000071837081739200000000000041000000142000000213939    4                       1         
G0793003000026716    2019012920190131826500000004100105300100000071434081701700000000000041000000142000000223939    4                       1         
G0793003000026716    2019012920190131826500000001250105300100000071623081719000000000000012500000142000000233939    4                       1         
G0793003000026716    2019012920190131826500000001250105300100000070906081651000000000000012500000142000000243939    4                       1         
G0793003000026716    2019012920190131826400000007650105300100000071480081532500000000000076500000142000000253939    4                       1         
G0793003000026716    2019012920190131826400000007050105300100000071254081510800000000000070500000142000000263939    4                       1         
G0793003000026716    2019012920190131826400000005800105300100000071598081716500000000000058000000142000000273939    4                       1         
G0793003000026716    2019012920190131826400000005350105300100000071562081713000000000000053500000142000000283939    4                       1         
G0793003000026716    2019012920190131826200000004100105300100000071899081745200000000000041000000142000000293939    4                       1         
G0793003000026716    2019012920190131826200000004100105300100000071680081724100000000000041000000142000000303939    4                       1         
G0793003000026716    2019012920190131826200000004100105300100000071351081693800000000000041000000142000000313939    4                       1         
G0793003000026716    2019012920190131826200000004100105300100000070799081468100000000000041000000142000000323939    4                       1         
G0793003000026716    2019012920190131826200000004100105300100000070613081622900000000000041000000142000000333939    4                       1         
G0793003000026716    2019012920190131826200000004100105300100000070314081594700000000000041000000142000000343939    4                       1         
G0793003000026716    2019012920190131826200000002750105300100000070898081477400000000000027500000142000000353939    4                       1         
G0793003000026716    2019012920190131826200000001300105300100000071845081567400000000000013000000142000000363939    4                       1         
G0793003000026716    2019012920190131826200000001250105300100000071618081718500000000000012500000142000000373939    4                       1         
G0793003000026716    2019012920190131826200000001250105300100000070987081658400000000000012500000142000000383939    4                       1         
G0793003000026716    2019012920190131826200000001250105300100000070401081603100000000000012500000142000000393939    4                       1         
G0793003000026716    2019012920190131826100000004750105300100000071566081713400000000000047500000142000000403939    4                       1         
G0793003000026716    2019012920190131826100000006100105300100000071263081685000000000000061000000142000000413939    4                       1         
G0793003000026716    2019012920190131826300000004200105300100000070297081420200000000000042000000142000000423939    4                       1         
G0793003000026716    2019012920190131826300000004100105300100000071892081744500000000000041000000142000000433939    4                       1         
G0793003000026716    2019012920190131826300000004100105300100000071583081715000000000000041000000142000000443939    4                       1         
G0793003000026716    2019012920190131826000000003850105300100000060483002593200000000000038500000142000000453738    4                       1         
G0793003000026716    2019012920190131826400000004300105300100000071281081686800000000000043000000142000000463939    4                       1         
G0793003000026716    2019012920190131826300000004100105300100000071203081679200000000000041000000142000000473939    4                       1         
G0793003000026716    2019012920190131826300000004100105300100000071134081672700000000000041000000142000000483939    4                       1         
G0793003000026716    2019012920190131826100000004100105300100000070748081636100000000000041000000142000000493939    4                       1         
G0793003000026716    2019012920190131826100000004050105300100000070897081650100000000000040500000142000000503939    4                       1         
G0793003000026716    2019012920190131826300000001300105300100000071352081693900000000000013000000142000000513939    4                       1         
G0793003000026716    2019012920190131826300000001250105300100000070463081609000000000000012500000142000000523939    4                       1         
G0793003000026716    2019012920190131826400000004650105300100000061279002348200000000000046500000142000000533738    4                       1         
G0793003000026716    2019012920190131826900000001250105300100000070322081595500000000000012500000142000000543939    4                       1         
G0793003000026716    2019012920190131826700000004100105300100000071850081740500000000000041000000142000000553939    4                       1         
G0793003000026716    2019012920190131826600000001250105300100000070970081656700000000000012500000142000000563939    4                       1         
G0793003000026716    2019012920190131826200000008350105300100000071414081526600000000000083500000142000000573939    4                       1         
G0793003000026716    2019012920190131826000000004150105300100000071527081709900000000000041500000142000000583939    4                       1         
G0793003000026716    2019012920190131826000000004100105300100000071671081723300000000000041000000142000000593939    4                       1         
G0793003000026716    2019012920190131826000000004100105300100000071099081669300000000000041000000142000000603939    4                       1         
G0793003000026716    2019012920190131826000000004100105300100000070779081639100000000000041000000142000000613939    4                       1         
G0793003000026716    2019012920190131826000000004100105300100000070448081607500000000000041000000142000000623939    4                       1         
G0793003000026716    2019012920190131826100000001250105300100000071013081661000000000000012500000142000000633939    4                       1         
G0793003000026716    2019012920190131826100000001250105300100000070380081601000000000000012500000142000000643939    4                       1         
G0793003000026716    2019012920190131826100000001250105300100000070249081588400000000000012500000142000000653939    4                       1         
G0793003000026716    2019012920190131826000000006600105300100000071525081536500000000000066000000142000000663939    4                       1         
G0793003000026716    2019012920190131826000000001300105300100000071353081694000000000000013000000142000000673939    4                       1         
G0793003000026716    2019012920190131826000000001250105300100000071406081699100000000000012500000142000000683939    4                       1         
G0793003000026716    2019012920190131826900000005650105300100000070806081468800000000000056500000142000000693939    4                       1         
G0793003000026716    2019012920190131826700000004250105300100000070852081473100000000000042500000142000000703939    4                       1         
G0793003000026716    2019012920190131826600000017050105300100000071724081728200000000000170500000142000000713939    4                       1         
G0793003000026716    2019012920190131826900000005200105300100000071552081712000000000000052000000142000000723939    4                       1         
G0793003000026716    2019012920190131826700000010500105300100000070642081452800000000000105000000142000000733939    4                       1         
G0793003000026716    2019012920190131826900000004200105300100000071902081745500000000000042000000142000000743939    4                       1         
G0793003000026716    2019012920190131826600000001250105300100000070352081598200000000000012500000142000000753939    4                       1         
G0793003000026716    2019012920190131826500000011150105300100000070562081444800000000000111500000142000000763939    4                       1         
G0793003000026716    2019012920190131826900000004200105300100000071658081722200000000000042000000142000000773939    4                       1         
G0793003000026716    2019012920190131826900000004100105300100000071694081725400000000000041000000142000000783939    4                       1         
G0793003000026716    2019012920190131826900000004100105300100000070813081642300000000000041000000142000000793939    4                       1         
G0793003000026716    2019012920190131826700000004100105300100000071136081672900000000000041000000142000000803939    4                       1         
G0793003000026716    2019012920190131826700000004100105300100000070337081597000000000000041000000142000000813939    4                       1         
G0793003000026716    2019012920190131826900000009400105300100000071629081546500000000000094000000142000000823939    4                       1         
G0793003000026716    2019012920190131826900000008350105300100000071401081698600000000000083500000142000000833939    4                       1         
G0793003000026716    2019012920190131826600000011150105300100000071543081711200000000000111500000142000000843939    4                       1         
G0793003000026716    2019012920190131826600000005950105300100000070346081424800000000000059500000142000000853939    4                       1         
G0793003000026716    2019012920190131826900000004100105300100000070751081636400000000000041000000142000000863939    4                       1         
G0793003000026716    2019012920190131826900000001250105300100000071050081664600000000000012500000142000000873939    4                       1         
G0793003000026716    2019012920190131826700000004100105300100000071815081737000000000000041000000142000000883939    4                       1         
G0793003000026716    2019012920190131826800000001300105300100000070447081607400000000000013000000142000000893939    4                       1         
G0793003000026716    2019012920190131826700000004100105300100000071594081716100000000000041000000142000000903939    4                       1         
G0793003000026716    2019012920190131826900000017000105300100000070038081411800000000000170000000142000000913939    4                       1         
G0793003000026716    2019012920190131826600000004700105300100000070502081439300000000000047000000142000000923939    4                       1         
G0793003000026716    2019012920190131826600000004150105300100000070314081421900000000000041500000142000000933939    4                       1         
G0793003000026716    2019012920190131826800000006900105300100000071645081721000000000000069000000142000000943939    4                       1         
G0793003000026716    2019012920190131826800000004650105300100000071167081676000000000000046500000142000000953939    4                       1         
G0793003000026716    2019012920190131826600000004100105300100000070901081650500000000000041000000142000000963939    4                       1         
G0793003000026716    2019012920190131826700000004200105300100000070450081434800000000000042000000142000000973939    4                       1         
G0793003000026716    2019012920190131826800000004200105300100000071357081521100000000000042000000142000000983939    4                       1         
G0793003000026716    2019012920190131826800000004100105300100000071997081753400000000000041000000142000000993939    4                       1         
G0793003000026716    2019012920190131826500000004200105300100000071631081719700000000000042000000142000001003939    4                       1         
G0793003000026716    2019012920190131826600000004100105300100000071066081666100000000000041000000142000001013939    4                       1         
G0793003000026716    2019012920190131826800000004100105300100000070553081617100000000000041000000142000001023939    4                       1         
G0793003000026716    2019012920190131826000000001250105300100000070363081599300000000000012500000142000001033939    4                       1         
G0793003000026716    2019012920190131826000000004650105300100000071882081743500000000000046500000142000001043939    4                       1         
G0793003000026716    2019012920190131826000000004650105300100000071545081711400000000000046500000142000001053939    4                       1         
G0793003000026716    2019012920190131826700000001250105300100000070293020273700000000000012500000142000001061829    4                       1         
G0793003000026716    2019012920190131826000000015950105300100000070412020282000000000000159500000142000001071829    4                       1         
G0793003000026716    2019012920190131826800000003000105300100000070304020247600000000000030000000142000001081829    4                       1         
G0793003000026716    2019012920190131826400000002950105300100000070304020274700000000000029500000142000001091829    4                       1         
G0793003000026716    2019012920190131826000000001350105300100000070490081438300000000000013500000142000001103939    4                       1         
G0793003000026716    2019012920190131826400000003750105300100000061003002639300000000000037500000142000001113738    4                       1         
G0793003000026716    2019012920190131826000000004400105300100000070021035631900000000000044000000142000001121829    4                       1         
G0793003000026716    2019012920190131826800000013550105300100000060929002632600000000000135500000142000001133738    4                       1         
G0793003000026716    2019012920190131826800000003900105300100000061048002536100000000000039000000142000001143738    4                       1         
G0793003000026716    2019012920190131826800000001100105300100000060731002614600000000000011000000142000001153738    4                       1         
G0793003000026716    2019012920190131826900000008650105300100000061246002553000000000000086500000142000001163738    4                       1         
G0793003000026716    2019012920190131826800000001100105300100000060187002567900000000000011000000142000001173738    4                       1         
G0793003000026716    2019012920190131826700000006000105300100000060936002633200000000000060000000142000001183738    4                       1         
G0793003000026716    2019012920190131826400000004200105300100000070836035613200000000000042000000142000001191829    4                       1         
G0793003000026716    2019012920190131826700000005800105300100000060417002587100000000000058000000142000001203738    4                       1         
G0793003000026716    2019012920190131826700000003750105300100000061031002641700000000000037500000142000001213738    4                       1         
G0793003000026716    2019012920190131826000000004850105300100000060893002629200000000000048500000142000001223738    4                       1         
G0793003000026716    2019012920190131826700000001100105300100000060208002569600000000000011000000142000001233738    4                       1         
G0793003000026716    2019012920190131826600000006950105300100000060416002587000000000000069500000142000001243738    4                       1         
G0793003000026716    2019012920190131826600000004650105300100000061280002556300000000000046500000142000001253738    4                       1         
G0793003000026716    2019012920190131826600000004250105300100000060336002580300000000000042500000142000001263738    4                       1         
G0793003000026716    2019012920190131826600000003950105300100000060725002614000000000000039500000142000001273738    4                       1         
G0793003000026716    2019012920190131826600000001100105300100000060611002603600000000000011000000142000001283738    4                       1         
G0793003000026716    2019012920190131826400000004800105300100000001330006721200000000000048000000142000001293863    4                       1         
G0793003000026716    2019012920190131826300000001300105300100000070362081599200000000000013000000142000001303939    4                       1         
G0793003000026716    2019012920190131826800000004650105300100000061258002451400000000000046500000142000001313089    4                       1         
G0793003000026716    2019012920190131826700000004850105300100000002795006734500000000000048500000142000001323863    4                       1         
G0793003000026716    2019012920190131826300000003200105300100000001870006726200000000000032000000142000001333863    4                       1         
G0793003000026716    2019012920190131826900000004850105300100000004510006750400000000000048500000142000001343863    4                       1         
G0793003000026716    2019012920190131826800000003350105300100000005730006770600000000000033500000142000001353863    4                       1         
G0793003000026716    2019012920190131826100000004850105300100000001210006720100000000000048500000142000001363863    4                       1         
G0793003000026716    2019012920190131826100000003750105300100000005865006773000000000000037500000142000001373863    4                       1         
G0793003000026716    2019012920190131826000000006400105300100000001880006726300000000000064000000142000001383863    4                       1         
G0793003000026716    2019012920190131826200000003750105300100000060912002630900000000000037500000142000001393738    4                       1         
G0793003000026716    2019012920190131826400000003750105300100000060862002519600000000000037500000142000001403738    4                       1         
G0793003000026716    2019012920190131826700000014100105300100000070757035683500000000000141000000142000001411829    4                       1         
G0793003000026716    2019012920190131826200000004650105300100000061281002453600000000000046500000142000001423738    4                       1         
G0793003000026716    2019012920190131826300000008950105300100000060462002591300000000000089500000142000001433738    4                       1         
G0793003000026716    2019012920190131826300000004650105300100000061271002452700000000000046500000142000001443738    4                       1         
G0793003000026716    2019012920190131826500000004650105300100000061280002453500000000000046500000142000001453738    4                       1         
G0793003000026716    2019012920190131826500000003850105300100000060695002504500000000000038500000142000001463738    4                       1         
G0793003000026716    2019012920190131826500000003750105300100000060820002668100000000000037500000142000001473738    4                       1         
G0793003000026716    2019012920190131826500000001100105300100000060797002620900000000000011000000142000001483738    4                       1         
G0793003000026716    2019012920190131826400000018150105300100000061017002640500000000000181500000142000001493738    4                       1         
G0793003000026716    2019012920190131826000000003800105300100000060607002603200000000000038000000142000001503738    4                       1         
G0793003000026716    2019012920190131826300000003850105300100000060815002515700000000000038500000142000001513738    4                       1         
G0793003000026716    2019012920190131826300000003850105300100000060522002490400000000000038500000142000001523738    4                       1         
G0793003000026716    2019012920190131826300000003750105300100000061060002644000000000000037500000142000001533738    4                       1         
G0793003000026716    2019012920190131826100000003850105300100000060390002478700000000000038500000142000001543738    4                       1         
G0793003000026716    2019012920190131826100000003850105300100000060239002466200000000000038500000142000001553738    4                       1         
G0793003000026716    2019012920190131826100000003800105300100000061071002644900000000000038000000142000001563738    4                       1         
G0793003000026716    2019012920190131826300000003750105300100000060818002622600000000000037500000142000001573738    4                       1         
G0793003000026716    2019012920190131826300000003750105300100000060546002598100000000000037500000142000001583738    4                       1         
G0793003000026716    2019012920190131826300000003750105300100000060466002591700000000000037500000142000001593738    4                       1         
G0793003000026716    2019012920190131826300000003750105300100000060345002581200000000000037500000142000001603738    4                       1         
G0793003000026716    2019012920190131826300000001750105300100000060750002509700000000000017500000142000001613738    4                       1         
G0793003000026716    2019012920190131826100000003750105300100000060414002586800000000000037500000142000001623738    4                       1         
G0793003000026716    2019012920190131826000000008300105300100000060465002591600000000000083000000142000001633738    4                       1         
G0793003000026716    2019012920190131826000000005250105300100000061247002659500000000000052500000142000001643738    4                       1         
G0793003000026716    2019012920190131826400000001300105300100000070592035671100000000000013000000142000001651829    4                       1         
G0793003000026716    2019012920190131826900000003850105300100000060599002496200000000000038500000142000001663738    4                       1         
G0793003000026716    2019012920190131826700000003750105300100000060447002589900000000000037500000142000001673738    4                       1         
G0793003000026716    2019012920190131826700000003750105300100000060403002586200000000000037500000142000001683738    4                       1         
G0793003000026716    2019012920190131826900000003750105300100000060600002602600000000000037500000142000001693738    4                       1         
G0793003000026716    2019012920190131826900000001150105300100000060328002579600000000000011500000142000001703738    4                       1         
G0793003000026716    2019012920190131826800000015600105300100000060358002582400000000000156000000142000001713738    4                       1         
G0793003000026716    2019012920190131826700000003750105300100000060512002595500000000000037500000142000001723738    4                       1         
G0793003000026716    2019012920190131826700000003750105300100000060468002591900000000000037500000142000001733738    4                       1         
G0793003000026716    2019012920190131826500000008050105320190214000169010393300100000000080500000142000001741829    4                       1         
G0793003000026716    2019012920190131826500000004300105320190114000507010292800100000000043000000142000001751829    4                       1         
G0793003000026716    2019012920190131826800000004150105320190204070430035736100100000000041500000142000001761829    4                       1         
G0793003000026716    2019012920190131826900000003450105320190103070549035668100100000000034500000142000001771829    4                       1         
G0793003000026716    2019012920190131826300000004100105320180917070430035399700100000000041000000142000001781829    4                       1         
G0793003000026716    2019012920190131826000000004200105320190214001536010484600100000000042000000142000001791829    4                       1         
G0793003000026716    2019012920190131826500000004300105320190114000456010289600100000000043000000142000001801829    4                       1         
G0793003000026716    2019012920190131826500000004200105320190214000058010385400100000000042000000142000001811829    4                       1         
G0793003000026716    2019012920190131826100000007850105320190214000382010407900100000000078500000142000001821829    4                       1         
G0793003000026716    2019012920190131826100000005350105320190214000989010450500100000000053500000142000001831829    4                       1         
G0793003000026716    2019012920190131826100000004900105320190114000219010273800100000000049000000142000001841829    4                       1         
G0793003000026716    2019012920190131826300000004300105320190214000964010449300100000000043000000142000001851829    4                       1         
G0793003000026716    2019012920190131826300000004200105320190214001707010495000100000000042000000142000001861829    4                       1         
G0793003000026716    2019012920190131826100000004200105320190214000516010416500100000000042000000142000001871829    4                       1         
G0793003000026716    2019012920190131826100000004200105320190214000295010402200100000000042000000142000001881829    4                       1         
G0793003000026716    2019012920190131826000000004200105320190214000857010443300100000000042000000142000001891829    4                       1         
G0793003000026716    2019012920190131826000000004200105320190214000364010406800100000000042000000142000001901829    4                       1         
G0793003000026716    2019012920190131826000000005150105320190204070785035762700100000000051500000142000001911829    4                       1         
G0793003000026716    2019012920190131826200000001250105320190204070549035745000100000000012500000142000001921829    4                       1         
G0793003000026716    2019012920190131826200000011150105320190214001271010467300100000000111500000142000001931829    4                       1         
G0793003000026716    2019012920190131826200000010850105320190114001271010344500100000000108500000142000001941829    4                       1         
G0793003000026716    2019012920190131826900000004050105320190204070356035730400100000000040500000142000001951829    4                       1         
G0793003000026716    2019012920190131826000000006550105320190214001274010467500100000000065500000142000001961829    4                       1         
G0793003000026716    2019012920190131826200000004400105320190214000778010436800100000000044000000142000001971829    4                       1         
G0793003000026716    2019012920190131826200000004300105320190114001263010344000100000000043000000142000001981829    4                       1         
G0793003000026716    2019012920190131826900000001250105320190204070011035706900100000000012500000142000001991829    4                       1         
G0793003000026716    2019012920190131826800000004050105320190204070937035773700100000000040500000142000002001829    4                       1         
G0793003000026716    2019012920190131826400000004050105320190204070682035754900100000000040500000142000002011829    4                       1         
G0793003000026716    2019012920190131826700000005750105320190204071036035780700100000000057500000142000002021829    4                       1         
G0793003000026716    2019012920190131826200000008600105320190201001251000626300100000000086000000142000002031141    4                       1         
G0793003000026716    2019012920190131826200000004200105320190214001581010487100100000000042000000142000002041829    4                       1         
G0793003000026716    2019012920190131826200000004200105320190214000649010426400100000000042000000142000002051829    4                       1         
G0793003000026716    2019012920190131826200000006050105320190103000729000416200100000000060500000142000002061141    4                       1         
G0793003000026716    2019012920190131826000000005300105320190201002108000685400100000000053000000142000002071141    4                       1         
G0793003000026716    2019012920190131826000000004300105320181203000196000198700100000000043000000142000002081141    4                       1         
G0793003000026716    2019012920190131826000000004200105320190201001813000664700100000000042000000142000002091141    4                       1         
G0793003000026716    2019012920190131826000000004200105320190114001171010338100100000000042000000142000002101829    4                       1         
G0793003000026716    2019012920190131826800000004200105320190214000647010426200100000000042000000142000002111829    4                       1         
G0793003000026716    2019012920190131826800000004200105320190214000094010387900100000000042000000142000002121829    4                       1         
G0793003000026716    2019012920190131826800000004200105320190114000725010309100100000000042000000142000002131829    4                       1         
G0793003000026716    2019012920190131826900000007850105320190214000108010388800100000000078500000142000002141829    4                       1         
G0793003000026716    2019012920190131826900000006550105320190214000037010383600100000000065500000142000002151829    4                       1         
G0793003000026716    2019012920190131826900000004300105320190214000443010412200100000000043000000142000002161829    4                       1         
G0793003000026716    2019012920190131826900000004300105320190114001123010334700100000000043000000142000002171829    4                       1         
G0793003000026716    2019012920190131826900000004300105320190114000982010327300100000000043000000142000002181829    4                       1         
G0793003000026716    2019012920190131826900000004200105320190214000757010434900100000000042000000142000002191829    4                       1         
G0793003000026716    2019012920190131826900000004200105320190214000405010409300100000000042000000142000002201829    4                       1         
G0793003000026716    2019012920190131826900000004200105320190114000906010322700100000000042000000142000002211829    4                       1         
G0793003000026716    2019012920190131826900000004200105320190114000687010306000100000000042000000142000002221829    4                       1         
G0793003000026716    2019012920190131826700000005450105320190114001618010367200100000000054500000142000002231829    4                       1         
G0793003000026716    2019012920190131826700000004800105320190114001625010367700100000000048000000142000002241829    4                       1         
G0793003000026716    2019012920190131826700000004300105320190214001463010479900100000000043000000142000002251829    4                       1         
G0793003000026716    2019012920190131826700000004200105320190214001232010464800100000000042000000142000002261829    4                       1         
G0793003000026716    2019012920190131826700000004200105320190214000496010415000100000000042000000142000002271829    4                       1         
G0793003000026716    2019012920190131826700000004200105320190214000420010410300100000000042000000142000002281829    4                       1         
G0793003000026716    2019012920190131826600000005500105320190114000607010300000100000000055000000142000002291829    4                       1         
G0793003000026716    2019012920190131826600000004900105320190114000793010314800100000000049000000142000002301829    4                       1         
G0793003000026716    2019012920190131826600000004300105320190214000858010443400100000000043000000142000002311829    4                       1         
G0793003000026716    2019012920190131826600000004300105320190114001195010339300100000000043000000142000002321829    4                       1         
G0793003000026716    2019012920190131826600000004300105320190114000391010285200100000000043000000142000002331829    4                       1         
G0793003000026716    2019012920190131826600000004200105320190214000233010398000100000000042000000142000002341829    4                       1         
G0793003000026716    2019012920190131826700000004200105320190114000663010304100100000000042000000142000002351829    4                       1         
G0793003000026716    2019012920190131826400000004300105320190114000730010309400100000000043000000142000002361829    4                       1         
G0793003000026716    2019012920190131826400000004200105320190214001150010459700100000000042000000142000002371829    4                       1         
G0793003000026716    2019012920190131826400000004200105320190214000424010410700100000000042000000142000002381829    4                       1         
G0793003000026716    2019012920190131826400000004200105320190214000379010407700100000000042000000142000002391829    4                       1         
G0793003000026716    2019012920190131826400000004200105320190114000425010287700100000000042000000142000002401829    4                       1         
G0793003000026716    2019012920190131826600000004200105320190103070430035659900100000000042000000142000002411829    4                       1         
G0793003000026716    2019012920190131826700000004150105320190204000144002558100100000000041500000142000002421116    4                       1         
G0793003000026716    2019012920190131826900000004200105320190115000740022065000100000000042000000142000002433738    4                       1         
G0793003000026716    2019012920190131826600000005350105320190115000321022029000100000000053500000142000002443738    4                       1         
G0793003000026716    2019012920190131826500000004200105320190115000529022047200100000000042000000142000002453738    4                       1         
G0793003000026716    2019012920190131826400000004200105320190115000187022016700100000000042000000142000002463738    4                       1         
G0793003000026716    2019012920190131826800000004200105320190115000435022039200100000000042000000142000002473738    4                       1         
G0793003000026716    2019012920190131826500000004200105320190115000199022017900100000000042000000142000002483738    4                       1         
G0793003000026716    2019012920190131826700000004200105320190115000717022063600100000000042000000142000002493738    4                       1         
G0793003000026716    2019012920190131826700000004150105320190103000585002534900100000000041500000142000002501116    4                       1         
G0793003000026716    2019012920190131826400000004250105320190204000796002596900100000000042500000142000002511116    4                       1         
G0793003000026716    2019012920190131826200000004150105320190204000529002579800100000000041500000142000002521116    4                       1         
G0793003000026716    2019012920190131826200000004150105320190103000240002514700100000000041500000142000002531116    4                       1         
G0793003000026716    2019012920190131826500000004150105320190103000775002547300100000000041500000142000002541116    4                       1         
G0793003000026716    2019012920190131826300000004150105320190103000678002540600100000000041500000142000002551116    4                       1         
G0793003000026716    2019012920190131826000000004150105320190204000564002582000100000000041500000142000002561116    4                       1         
G0793003000026716    2019012920190131826800000004200105320190121000947014259800100000000042000000142000002573089    4                       1         
G0793003000026716    2019012920190131826800000001300105320190121000294014202900100000000013000000142000002583089    4                       1         
G0793003000026716    2019012920190131826700000010250105320190121000368014209700100000000102500000142000002593089    4                       1         
G0793003000026716    2019012920190131826600000005600105320190121000466014218600100000000056000000142000002603089    4                       1         
G0793003000026716    2019012920190131826600000004400105320190121000228014197100100000000044000000142000002613089    4                       1         
G0793003000026716    2019012920190131826700000004200105320190121000681014238200100000000042000000142000002623089    4                       1         
G0793003000026716    2019012920190131826500000013800105320190121000727014242500100000000138000000142000002633089    4                       1         
G0793003000026716    2019012920190131826400000004300105320190121000163014191400100000000043000000142000002643089    4                       1         
G0793003000026716    2019012920190131826200000004300105320190121000132014188600100000000043000000142000002653089    4                       1         
G0793003000026716    2019012920190131826200000004200105320190121000346014207600100000000042000000142000002663089    4                       1         
G0793003000026716    2019012920190131826100000004600105320190121000549014226100100000000046000000142000002673089    4                       1         
G0793003000026716    2019012920190131826300000004200105320190121000925014262600100000000042000000142000002683089    4                       1         
G0793003000026716    2019012920190131826100000004300105320190121000046014180800100000000043000000142000002693089    4                       1         
G0793003000026716    2019012920190131826500000009000105320190204070287035725600100000000090000000142000002701829    4                       1         
G0793003000026716    2019012920190131826700000004050105320190204070659035752800100000000040500000142000002711829    4                       1         
G0793003000026716    2019012920190131826700000004050105320190204070382035732300100000000040500000142000002721829    4                       1         
G0793003000026716    2019012920190131826200000010100105320190204071047035781600100000000101000000142000002731829    4                       1         
G0793003000026716    2019012920190131826300000001250105320190204070017035707400100000000012500000142000002741829    4                       1         
G0793003000026716    2019012920190131826200000007200105320190121000455014217500100000000072000000142000002753089    4                       1         
G0793003000026716    2019012920190131826200000015650105320190121000547014225900100000000156500000142000002763089    4                       1         
G0793003000026716    2019012920190131826200000008800105320190121000385014211200100000000088000000142000002773089    4                       1         
G0793003000026716    2019012920190131826300000004200105320190201001591000648500100000000042000000142000002781141    4                       1         
G0793003000026716    2019012920190131826800000008700105320190103000462000394700100000000087000000142000002791141    4                       1         
G0793003000026716    2019012920190131826800000006100105320190201002192000691900100000000061000000142000002801141    4                       1         
G0793003000026716    2019012920190131826800000004300105320190201000508000569200100000000043000000142000002811141    4                       1         
G0793003000026716    2019012920190131826800000004200105320190201002194000692000100000000042000000142000002821141    4                       1         
G0793003000026716    2019012920190131826800000004200105320190201002030000680100100000000042000000142000002831141    4                       1         
G0793003000026716    2019012920190131826800000004200105320190201000841000596400100000000042000000142000002841141    4                       1         
G0793003000026716    2019012920190131826900000010850105320190103000966000434500100000000108500000142000002851141    4                       1         
G0793003000026716    2019012920190131826900000007350105320190103000930000431400100000000073500000142000002861141    4                       1         
G0793003000026716    2019012920190131826900000005600105320190201000839000596200100000000056000000142000002871141    4                       1         
G0793003000026716    2019012920190131826900000004350105320190201001558000646300100000000043500000142000002881141    4                       1         
G0793003000026716    2019012920190131826900000004300105320190201001906000671200100000000043000000142000002891141    4                       1         
G0793003000026716    2019012920190131826900000004300105320190201000351000556300100000000043000000142000002901141    4                       1         
G0793003000026716    2019012920190131826900000004300105320190201000053000533700100000000043000000142000002911141    4                       1         
G0793003000026716    2019012920190131826900000004300105320190103001764000490600100000000043000000142000002921141    4                       1         
G0793003000026716    2019012920190131826900000004200105320190201000325000554100100000000042000000142000002931141    4                       1         
G0793003000026716    2019012920190131826700000008450105320190201000791000592500100000000084500000142000002941141    4                       1         
G0793003000026716    2019012920190131826700000005350105320190201000809000593800100000000053500000142000002951141    4                       1         
G0793003000026716    2019012920190131826700000004200105320190201002156000689100100000000042000000142000002961141    4                       1         
G0793003000026716    2019012920190131826600000004300105320190103001671000483800100000000043000000142000002971141    4                       1         
G0793003000026716    2019012920190131826400000003200105320190205005310006827900100000000032000000142000002980793    4                       1         
G0793003000026716    2019012920190131826900000004050105320190204070954035775000100000000040500000142000002990793    4                       1         
G0793003000026716    2019012920190131826500000009350105320181221000547014140100100000000093500000142000003003939    4                       1         
G0793003000026716    2019012920190131826400000004200105320190115000106018009000100000000042000000142000003011141    4                       1         
G0793003000026716    2019012920190131826900000003850105320181107000635000063000100000000038500000142000003024481    4                       1         
G0793003000026716    2019012920190131826600000003850105320181206000635095574700100000000038500000142000003034481    4                       1         
G0793003000026716    2019012920190131826700000003850105320181206000360095547900100000000038500000142000003044481    4                       1         
G0793003000026716    2019012920190131826400000003850105320181206001108095621300100000000038500000142000003054481    4                       1         
G0793003000026716    2019012920190131826400000003850105320181206000097095523000100000000038500000142000003064481    4                       1         
G0793003000026716    2019012920190131826400000003850105320181206000037095517500100000000038500000142000003074481    4                       1         
G0793003000026716    2019012920190131826300000003850105320181206000223095534700100000000038500000142000003084481    4                       1         
G0793003000026716    2019012920190131826400000003100105320190205005030006825500100000000031000000142000003090793    4                       1         
G0793003000026716    2019012920190131826600000004200105320190201002198000692400100000000042000000142000003101141    4                       1         
G0793003000026716    2019012920190131826600000004200105320190201000720000586400100000000042000000142000003111141    4                       1         
G0793003000026716    2019012920190131826600000004200105320190201000377000558400100000000042000000142000003121141    4                       1         
G0793003000026716    2019012920190131826700000004200105320190201001244000625700100000000042000000142000003131141    4                       1         
G0793003000026716    2019012920190131826600000004200105320190201000255000548400100000000042000000142000003141141    4                       1         
G0793003000026716    2019012920190131826400000004200105320190201000952000604800100000000042000000142000003151141    4                       1         
G0793003000026716    2019012920190131826500000014400105320190201000434000563000100000000144000000142000003161141    4                       1         
G0793003000026716    2019012920190131826400000004300105320190201000904000600900100000000043000000142000003171141    4                       1         
G0793003000026716    2019012920190131826200000005350105320190201001330000631100100000000053500000142000003181141    4                       1         
G0793003000026716    2019012920190131826200000004400105320190201001605000649600100000000044000000142000003191141    4                       1         
G0793003000026716    2019012920190131826200000004350105320190103000527000400400100000000043500000142000003201141    4                       1         
G0793003000026716    2019012920190131826200000004200105320190201000933000603200100000000042000000142000003211141    4                       1         
G0793003000026716    2019012920190131826200000004200105320190201000328000554300100000000042000000142000003221141    4                       1         
G0793003000026716    2019012920190131826200000004200105320190201000295000551400100000000042000000142000003231141    4                       1         
G0793003000026716    2019012920190131826200000004200105320190103000848000425600100000000042000000142000003241141    4                       1         
G0793003000026716    2019012920190131826200000004200105320190103000432000392200100000000042000000142000003251141    4                       1         
G0793003000026716    2019012920190131826300000010100105320190201001074000613300100000000101000000142000003261141    4                       1         
G0793003000026716    2019012920190131826300000006100105320190201002223000694200100000000061000000142000003271141    4                       1         
G0793003000026716    2019012920190131826300000005350105320181203000519000225700100000000053500000142000003281141    4                       1         
G0793003000026716    2019012920190131826300000005350105320181101000146000011800100000000053500000142000003291141    4                       1         
G0793003000026716    2019012920190131826500000007900105320190103001184000450200100000000079000000142000003301141    4                       1         
G0793003000026716    2019012920190131826500000007300105320190103001466000469400100000000073000000142000003311141    4                       1         
G0793003000026716    2019012920190131826500000005900105320190201001860000667900100000000059000000142000003321141    4                       1         
G0793003000026716    2019012920190131826500000004200105320190201001094000615000100000000042000000142000003331141    4                       1         
G0793003000026716    2019012920190131826500000004200105320190201000431000562800100000000042000000142000003341141    4                       1         
G0793003000026716    2019012920190131826500000004200105320190103001271000456300100000000042000000142000003351141    4                       1         
G0793003000026716    2019012920190131826500000003200105320190205004960006824800100000000032000000142000003360793    4                       1         
G0793003000026716    2019012920190131826400000004350105320190103001536000474200100000000043500000142000003371141    4                       1         
G0793003000026716    2019012920190131826100000012600105320190103001207000451600100000000126000000142000003381141    4                       1         
G0793003000026716    2019012920190131826500000003100105320190205004020006816300100000000031000000142000003393863    4                       1         
G0793003000026716    2019012920190131826100000006150105320190205004620006821900100000000061500000142000003403863    4                       1         
G0793003000026716    2019012920190131826000000003100105320190205005997006848900100000000031000000142000003413863    4                       1         
G0793003000026716    2019012920190131826800000004150105320190204000015002551200100000000041500000142000003421116    4                       1         
G0793003000026716    2019012920190131826900000003700105320190205005594006835300100000000037000000142000003433863    4                       1         
G0793003000026716    2019012920190131826800000003200105320190205005654006839700100000000032000000142000003443863    4                       1         
G0793003000026716    2019012920190131826600000004700105320190205003300006809900100000000047000000142000003453863    4                       1         
G0793003000026716    2019012920190131826600000003100105320190205005939006845800100000000031000000142000003463863    4                       1         
G0793003000026716    2019012920190131826900000004950105320190205003190006808800100000000049500000142000003473863    4                       1         
G0793003000026716    2019012920190131826500000005900105320190103000221002513300100000000059000000142000003481116    4                       1         
G0793003000026716    2019012920190131826800000004150105320190103000415002524300100000000041500000142000003491116    4                       1         
G0793003000026716    2019012920190131826100000004700105320190205003050006807400100000000047000000142000003503863    4                       1         
G0793003000026716    2019012920190131826500000009500105320190205005602006835900100000000095000000142000003513863    4                       1         
G0793003000026716    2019012920190131826500000004800105320190205000350006782700100000000048000000142000003523863    4                       1         
G0793003000026716    2019012920190131826900000004700105320190205003780006814400100000000047000000142000003533863    4                       1         
G0793003000026716    2019012920190131826800000003100105320190205003670006813500100000000031000000142000003543863    4                       1         
G0793003000026716    2019012920190131826900000014350105320190205004090006817000100000000143500000142000003553863    4                       1         
G0793003000026716    2019012920190131826900000007050105320190204000414002573400100000000070500000142000003561116    4                       1         
G0793003000026716    2019012920190131826100000007100105320190103001137000447000100000000071000000142000003571141    4                       1         
G0793003000026716    2019012920190131826100000004850105320190201000004000530000100000000048500000142000003581141    4                       1         
G0793003000026716    2019012920190131826300000004350105320190103001028000438700100000000043500000142000003591141    4                       1         
G0793003000026716    2019012920190131826300000004300105320190201001206000622800100000000043000000142000003601141    4                       1         
G0793003000026716    2019012920190131826300000004300105320190201000425000562300100000000043000000142000003611141    4                       1         
G0793003000026716    2019012920190131826300000004300105320190103001948000504100100000000043000000142000003621141    4                       1         
G0793003000026716    2019012920190131826300000004200105320190201001379000634700100000000042000000142000003631141    4                       1         
G0793003000026716    2019012920190131826300000004200105320190201001051000611800100000000042000000142000003641141    4                       1         
G0793003000026716    2019012920190131826100000004300105320190201000432000562900100000000043000000142000003651141    4                       1         
G0793003000026716    2019012920190131826100000004300105320190103001589000477500100000000043000000142000003661141    4                       1         
G0793003000026716    2019012920190131826100000004200105320190201000519000570300100000000042000000142000003671141    4                       1         
G0793003000026716    2019012920190131826100000004200105320190201000007000530200100000000042000000142000003681141    4                       1         
G0793003000026716    2019012920190131826100000004200105320190103000351000385500100000000042000000142000003691141    4                       1         
G0793003000026716    2019012920190131826200000010850105320190201000534000571700100000000108500000142000003701141    4                       1         
G0793003000026716    2019012920190131826800000005950105320190115000045018003700100000000059500000142000003711141    4                       1         
G0793003000026716    2019012920190131826800000004200105320190115000574018047600100000000042000000142000003721141    4                       1         
G0793003000026716    2019012920190131826700000004200105320190115000378018031000100000000042000000142000003731141    4                       1         
G0793003000026716    2019012920190131826900000004200105320190115000068018005700100000000042000000142000003741141    4                       1         
G0793003000026716    2019012920190131826700000004200105320190115000178018015100100000000042000000142000003751141    4                       1         
G0793003000026716    2019012920190131826100000005950105320190115000186018015800100000000059500000142000003761141    4                       1         
G0793003000026716    2019012920190131826500000004200105320190115000154018012700100000000042000000142000003771141    4                       1         
G0793003000026716    2019012920190131826800000004150105320190204000305002568200100000000041500000142000003781116    4                       1         
G0793003000026716    2019012920190131826200000006500105320190204070668035753500100000000065000000142000003791829    4                       1         
G0793003000026716    2019012920190131826000000004050105320190204070757035760700100000000040500000142000003801829    4                       1         
G0793003000026716    2019012920190131826100000001250105320190204070638035751200100000000012500000142000003811829    4                       1         
G0793003000026716    2019012920190131826900000006450105320190204000031002552200100000000064500000142000003821116    4                       1         
G0793003000026716    2019012920190131826400000003350105320190205005951006846400100000000033500000142000003833863    4                       1         
G0793003000026716    2019012920190131826400000003100105320190205005534006830700100000000031000000142000003843863    4                       1         
Z00038600000000001842900                                                                                                                              
