A2201053              HIDROFORTETOCANTINS 104CAIXA ECON. FEDERAL 2019013100154203                                                                     
G0793003000026716    2019013020190131826900000004300105320190121000537014225100100000000043000000142000000012256    3                       1         
G0793003000026716    2019013020190201826400000060900105300100000071654081721900000000000609000000142000000021829    4                       1         
G0793003000026716    2019013020190201826800000004100105300100000071299081688600000000000041000000142000000033939    4                       1         
G0793003000026716    2019013020190201826000000001850105300100000070912081651500000000000018500000142000000043939    4                       1         
G0793003000026716    2019013020190201826800000004100105300100000070940081653900000000000041000000142000000053939    4                       1         
G0793003000026716    2019013020190201826000000001250105300100000071202081679100000000000012500000142000000063939    4                       1         
G0793003000026716    2019013020190201826900000004200105300100000070622081450800000000000042000000142000000073939    4                       1         
G0793003000026716    2019013020190201826900000009050105300100000071456081703500000000000090500000142000000083939    4                       1         
G0793003000026716    2019013020190201826900000004100105300100000072009081581900000000000041000000142000000093939    4                       1         
G0793003000026716    2019013020190201826800000007650105300100000071869081742200000000000076500000142000000103939    4                       1         
G0793003000026716    2019013020190201826900000005200105300100000071389081697400000000000052000000142000000113939    4                       1         
G0793003000026716    2019013020190201826800000008350105300100000071787081734200000000000083500000142000000123939    4                       1         
G0793003000026716    2019013020190201826800000008200105300100000070788081640000000000000082000000142000000133939    4                       1         
G0793003000026716    2019013020190201826800000004750105300100000071534081710600000000000047500000142000000143939    4                       1         
G0793003000026716    2019013020190201826700000004650105300100000061243002552700000000000046500000142000000153738    4                       1         
G0793003000026716    2019013020190201826800000004100105300100000071533081710500000000000041000000142000000163939    4                       1         
G0793003000026716    2019013020190201826600000003800105300100000060545002598000000000000038000000142000000173738    4                       1         
G0793003000026716    2019013020190201826900000007550105300100000070042035633200000000000075500000142000000181829    4                       1         
G0793003000026716    2019013020190201826800000004100105300100000071375081696000000000000041000000142000000193939    4                       1         
G0793003000026716    2019013020190201826100000004100105300100000070717081633100000000000041000000142000000203939    4                       1         
G0793003000026716    2019013020190201826100000001300105300100000071867081742000000000000013000000142000000213939    4                       1         
G0793003000026716    2019013020190201826000000004100105300100000071328081691500000000000041000000142000000223939    4                       1         
G0793003000026716    2019013020190201826000000004100105300100000071200081679000000000000041000000142000000233939    4                       1         
G0793003000026716    2019013020190201826900000004100105300100000071331081691800000000000041000000142000000243939    4                       1         
G0793003000026716    2019013020190201826900000004100105300100000071208081679600000000000041000000142000000253939    4                       1         
G0793003000026716    2019013020190201826900000001800105300100000070965081656200000000000018000000142000000263939    4                       1         
G0793003000026716    2019013020190201826900000001250105300100000070849081645700000000000012500000142000000273939    4                       1         
G0793003000026716    2019013020190201826800000004300105300100000070753081463600000000000043000000142000000283939    4                       1         
G0793003000026716    2019013020190201826800000004300105300100000070250081588500000000000043000000142000000293939    4                       1         
G0793003000026716    2019013020190201826800000001250105300100000070591081620700000000000012500000142000000303939    4                       1         
G0793003000026716    2019013020190201826200000004100105300100000071810081736500000000000041000000142000000313939    4                       1         
G0793003000026716    2019013020190201826200000004100105300100000070419081604800000000000041000000142000000323939    4                       1         
G0793003000026716    2019013020190201826200000001250105300100000071001081659800000000000012500000142000000333939    4                       1         
G0793003000026716    2019013020190201826200000001250105300100000070939081481000000000000012500000142000000343939    4                       1         
G0793003000026716    2019013020190201826200000001250105300100000070569081618600000000000012500000142000000353939    4                       1         
G0793003000026716    2019013020190201826100000004100105300100000071210081679800000000000041000000142000000363939    4                       1         
G0793003000026716    2019013020190201826100000004100105300100000071175081676600000000000041000000142000000373939    4                       1         
G0793003000026716    2019013020190201826100000004100105300100000071168081676100000000000041000000142000000383939    4                       1         
G0793003000026716    2019013020190201826100000004100105300100000070816081642500000000000041000000142000000393939    4                       1         
G0793003000026716    2019013020190201826500000004100105300100000070264081589900000000000041000000142000000403939    4                       1         
G0793003000026716    2019013020190201826500000001300105300100000070530081441900000000000013000000142000000413939    4                       1         
G0793003000026716    2019013020190201826200000005800105300100000070019081411200000000000058000000142000000423939    4                       1         
G0793003000026716    2019013020190201826700000010150105300100000070739081635200000000000101500000142000000433939    4                       1         
G0793003000026716    2019013020190201826700000006750105300100000070333081596600000000000067500000142000000443939    4                       1         
G0793003000026716    2019013020190201826700000004800105300100000070278081418500000000000048000000142000000453939    4                       1         
G0793003000026716    2019013020190201826700000004650105300100000071164081675700000000000046500000142000000463939    4                       1         
G0793003000026716    2019013020190201826700000004100105300100000071625081719100000000000041000000142000000473939    4                       1         
G0793003000026716    2019013020190201826700000004100105300100000070728081634100000000000041000000142000000483939    4                       1         
G0793003000026716    2019013020190201826700000002400105300100000070464081609100000000000024000000142000000493939    4                       1         
G0793003000026716    2019013020190201826700000001250105300100000071813081736800000000000012500000142000000503939    4                       1         
G0793003000026716    2019013020190201826700000001250105300100000070894081649800000000000012500000142000000513939    4                       1         
G0793003000026716    2019013020190201826700000001250105300100000070549081616700000000000012500000142000000523939    4                       1         
G0793003000026716    2019013020190201826600000007050105300100000070752081463500000000000070500000142000000533939    4                       1         
G0793003000026716    2019013020190201826600000004200105300100000071748081557900000000000042000000142000000543939    4                       1         
G0793003000026716    2019013020190201826600000004100105300100000071803081735800000000000041000000142000000553939    4                       1         
G0793003000026716    2019013020190201826600000004100105300100000071794081562300000000000041000000142000000563939    4                       1         
G0793003000026716    2019013020190201826600000004100105300100000070331081596400000000000041000000142000000573939    4                       1         
G0793003000026716    2019013020190201826600000003200105300100000070488081438100000000000032000000142000000583939    4                       1         
G0793003000026716    2019013020190201826600000001800105300100000071603081717000000000000018000000142000000593939    4                       1         
G0793003000026716    2019013020190201826500000009200105300100000070319081595200000000000092000000142000000603939    4                       1         
G0793003000026716    2019013020190201826500000001250105300100000071147081674000000000000012500000142000000613939    4                       1         
G0793003000026716    2019013020190201826500000001250105300100000070385081601500000000000012500000142000000623939    4                       1         
G0793003000026716    2019013020190201826400000004200105300100000070164081586600000000000042000000142000000633939    4                       1         
G0793003000026716    2019013020190201826400000004100105300100000071667081722900000000000041000000142000000643939    4                       1         
G0793003000026716    2019013020190201826400000001300105300100000071808081563700000000000013000000142000000653939    4                       1         
G0793003000026716    2019013020190201826400000001300105300100000071355081694200000000000013000000142000000663939    4                       1         
G0793003000026716    2019013020190201826400000001250105300100000070528081614700000000000012500000142000000673939    4                       1         
G0793003000026716    2019013020190201826300000007050105300100000070440081433900000000000070500000142000000683939    4                       1         
G0793003000026716    2019013020190201826300000004100105300100000071677081723800000000000041000000142000000693939    4                       1         
G0793003000026716    2019013020190201826300000004100105300100000070982081657900000000000041000000142000000703939    4                       1         
G0793003000026716    2019013020190201826300000004100105300100000070533081615200000000000041000000142000000713939    4                       1         
G0793003000026716    2019013020190201826300000003700105300100000071921081574800000000000037000000142000000723939    4                       1         
G0793003000026716    2019013020190201826300000001300105300100000070922081652500000000000013000000142000000733939    4                       1         
G0793003000026716    2019013020190201826300000001300105300100000070391020280500000000000013000000142000000741829    4                       1         
G0793003000026716    2019013020190201826200000004150105300100000070219020268600000000000041500000142000000751829    4                       1         
G0793003000026716    2019013020190201826100000001300105300100000070282020272700000000000013000000142000000761829    4                       1         
G0793003000026716    2019013020190201826500000004200105300100000070663081627900000000000042000000142000000773939    4                       1         
G0793003000026716    2019013020190201826500000004100105300100000070874081648000000000000041000000142000000783939    4                       1         
G0793003000026716    2019013020190201826500000004850105300100000004320006748800000000000048500000142000000793863    4                       1         
G0793003000026716    2019013020190201826900000004800105300100000070289020273400000000000048000000142000000801829    4                       1         
G0793003000026716    2019013020190201826200000001300105300100000070120020262100000000000013000000142000000811829    4                       1         
G0793003000026716    2019013020190201826400000002400105300100000070031020256600000000000024000000142000000821829    4                       1         
G0793003000026716    2019013020190201826100000005800105300100000000490006713100000000000058000000142000000833863    4                       1         
G0793003000026716    2019013020190201826900000004050105300100000070061020258400000000000040500000142000000841829    4                       1         
G0793003000026716    2019013020190201826900000004200105300100000070219020241400000000000042000000142000000851829    4                       1         
G0793003000026716    2019013020190201826500000004100105300100000070827081643600000000000041000000142000000863939    4                       1         
G0793003000026716    2019013020190201826500000004100105300100000070688081630300000000000041000000142000000873939    4                       1         
G0793003000026716    2019013020190201826500000004100105300100000070359081426100000000000041000000142000000883939    4                       1         
G0793003000026716    2019013020190201826200000004800105300100000070912081478700000000000048000000142000000893939    4                       1         
G0793003000026716    2019013020190201826200000004200105300100000071332081518600000000000042000000142000000903939    4                       1         
G0793003000026716    2019013020190201826200000004100105300100000071917081747000000000000041000000142000000913939    4                       1         
G0793003000026716    2019013020190201826100000003100105300100000004180006747500000000000031000000142000000923863    4                       1         
G0793003000026716    2019013020190201826900000005350105300100000070904035693200000000000053500000142000000931829    4                       1         
G0793003000026716    2019013020190201826600000005100105300100000005675006769600000000000051000000142000000943863    4                       1         
G0793003000026716    2019013020190201826900000008650105300100000070952035697100000000000086500000142000000951829    4                       1         
G0793003000026716    2019013020190201826600000003400105300100000000820006716200000000000034000000142000000963863    4                       1         
G0793003000026716    2019013020190201826800000001300105300100000070503035665200000000000013000000142000000971829    4                       1         
G0793003000026716    2019013020190201826000000004200105300100000070909035693600000000000042000000142000000981829    4                       1         
G0793003000026716    2019013020190201826800000007750105300100000000215006710400000000000077500000142000000993863    4                       1         
G0793003000026716    2019013020190201826400000004200105300100000070036035632900000000000042000000142000001001829    4                       1         
G0793003000026716    2019013020190201826400000004250105300100000070299035650800000000000042500000142000001011829    4                       1         
G0793003000026716    2019013020190201826800000004800105300100000004290006748500000000000048000000142000001023863    4                       1         
G0793003000026716    2019013020190201826800000003400105300100000000860006716600000000000034000000142000001033863    4                       1         
G0793003000026716    2019013020190201826900000009750105300100000000930006717000000000000097500000142000001043863    4                       1         
G0793003000026716    2019013020190201826900000004700105300100000002950006736000000000000047000000142000001053863    4                       1         
G0793003000026716    2019013020190201826100000008800105300100000071018035701600000000000088000000142000001061829    4                       1         
G0793003000026716    2019013020190201826400000004300105300100000070834035688700000000000043000000142000001071829    4                       1         
G0793003000026716    2019013020190201826400000004100105300100000070590035671000000000000041000000142000001081829    4                       1         
G0793003000026716    2019013020190201826800000006250105320181203070806035611100100000000062500000142000001091829    4                       1         
G0793003000026716    2019013020190201826300000009200105320190204070952035774800100000000092000000142000001101829    4                       1         
G0793003000026716    2019013020190201826800000004150105320190204070518035742900100000000041500000142000001111829    4                       1         
G0793003000026716    2019013020190201826800000004050105320190204070975035776700100000000040500000142000001121829    4                       1         
G0793003000026716    2019013020190201826800000004050105320190204070622035750100100000000040500000142000001131829    4                       1         
G0793003000026716    2019013020190201826200000001250105320181002070393035477200100000000012500000142000001141829    4                       1         
G0793003000026716    2019013020190201826500000004050105320190204070590035747900100000000040500000142000001151829    4                       1         
G0793003000026716    2019013020190201826200000004100105320181101070806035535500100000000041000000142000001161829    4                       1         
G0793003000026716    2019013020190201826000000003200105320190205001590006794100100000000032000000142000001173863    4                       1         
G0793003000026716    2019013020190201826000000004300105320190121000029014179100100000000043000000142000001183089    4                       1         
G0793003000026716    2019013020190201826800000004150105320190103000751002545600100000000041500000142000001191116    4                       1         
G0793003000026716    2019013020190201826200000004150105320190204000797002597000100000000041500000142000001201116    4                       1         
G0793003000026716    2019013020190201826100000004700105320190105002870006735300100000000047000000142000001213863    4                       1         
G0793003000026716    2019013020190201826100000004700105320190205001360006792200100000000047000000142000001223863    4                       1         
G0793003000026716    2019013020190201826100000003100105320190205000330006782600100000000031000000142000001233863    4                       1         
G0793003000026716    2019013020190201826800000004150105320190103000033002501700100000000041500000142000001241116    4                       1         
G0793003000026716    2019013020190201826700000004150105320190204000794002598800100000000041500000142000001251116    4                       1         
G0793003000026716    2019013020190201826500000010700105320190103000303002518200100000000107000000142000001261116    4                       1         
G0793003000026716    2019013020190201826200000004750105320190204000392002572100100000000047500000142000001271116    4                       1         
G0793003000026716    2019013020190201826500000004000105320190205001390006792500100000000040000000142000001283863    4                       1         
G0793003000026716    2019013020190201826200000004050105320190204070717035757800100000000040500000142000001291829    4                       1         
G0793003000026716    2019013020190201826200000001250105320190204070778035762000100000000012500000142000001301829    4                       1         
G0793003000026716    2019013020190201826800000003100105320190205005540006831100100000000031000000142000001313863    4                       1         
G0793003000026716    2019013020190201826700000004700105320190205001500006793400100000000047000000142000001323863    4                       1         
G0793003000026716    2019013020190201826400000004050105320190204071024035779700100000000040500000142000001331829    4                       1         
G0793003000026716    2019013020190201826400000004050105320190204070253035722800100000000040500000142000001341829    4                       1         
G0793003000026716    2019013020190201826500000001250105320180604070525035122700100000000012500000142000001351829    4                       1         
G0793003000026716    2019013020190201826500000004050105320190204070722035758300100000000040500000142000001361829    4                       1         
G0793003000026716    2019013020190201826900000001250105320190204070527035743500100000000012500000142000001371829    4                       1         
G0793003000026716    2019013020190201826800000007550105320190204070292035726000100000000075500000142000001381829    4                       1         
G0793003000026716    2019013020190201826000000001250105320190204070656035752500100000000012500000142000001391829    4                       1         
G0793003000026716    2019013020190201826200000001250105320190204070268035724200100000000012500000142000001401829    4                       1         
G0793003000026716    2019013020190201826200000003350105320190105005977006776700100000000033500000142000001413863    4                       1         
G0793003000026716    2019013020190201826200000003100105320190205005710006841000100000000031000000142000001423863    4                       1         
G0793003000026716    2019013020190201826200000003100105320190205005613006836700100000000031000000142000001433863    4                       1         
G0793003000026716    2019013020190201826000000003700105320190205005587006834700100000000037000000142000001443863    4                       1         
G0793003000026716    2019013020190201826100000001300105320190121000400014262200100000000013000000142000001453089    4                       1         
G0793003000026716    2019013020190201826300000005350105320190115000583018048500100000000053500000142000001461141    4                       1         
G0793003000026716    2019013020190201826400000004300105320190121000798014248200100000000043000000142000001473089    4                       1         
G0793003000026716    2019013020190201826900000005950105320190121000421014214200100000000059500000142000001483089    4                       1         
G0793003000026716    2019013020190201826300000004200105320190115000557018046000100000000042000000142000001491141    4                       1         
G0793003000026716    2019013020190201826100000004200105320190115000564018046600100000000042000000142000001501141    4                       1         
G0793003000026716    2019013020190201826700000005500105320190121000454014217400100000000055000000142000001513089    4                       1         
G0793003000026716    2019013020190201826500000005500105320190121000405014212700100000000055000000142000001523089    4                       1         
G0793003000026716    2019013020190201826800000005350105320190115000148018012300100000000053500000142000001531141    4                       1         
G0793003000026716    2019013020190201826900000001300105320190121000903014256300100000000013000000142000001543089    4                       1         
G0793003000026716    2019013020190201826800000004200105320190115000538018044500100000000042000000142000001551141    4                       1         
G0793003000026716    2019013020190201826800000001250105320190204070228035720500100000000012500000142000001561829    4                       1         
G0793003000026716    2019013020190201826800000001800105320190204070551035745200100000000018000000142000001571829    4                       1         
G0793003000026716    2019013020190201826800000004200105320190115000513018042100100000000042000000142000001581141    4                       1         
G0793003000026716    2019013020190201826700000001350105320180704070525035201700100000000013500000142000001591829    4                       1         
G0793003000026716    2019013020190201826100000005800105320190204070509035742400100000000058000000142000001601829    4                       1         
G0793003000026716    2019013020190201826600000015150105320190103000436002525400100000000151500000142000001611116    4                       1         
G0793003000026716    2019013020190201826100000004050105320190204070833035765800100000000040500000142000001621829    4                       1         
G0793003000026716    2019013020190201826000000021450105320190103000067002503500100000000214500000142000001631116    4                       1         
G0793003000026716    2019013020190201826300000006850105320190204070699035756300100000000068500000142000001641829    4                       1         
G0793003000026716    2019013020190201826600000004150105320190103000319002519100100000000041500000142000001651116    4                       1         
G0793003000026716    2019013020190201826300000004900105320190103002195000521600100000000049000000142000001661141    4                       1         
G0793003000026716    2019013020190201826900000007850105320181101001382000114900100000000078500000142000001671141    4                       1         
G0793003000026716    2019013020190201826900000007100105320190201001105000615800100000000071000000142000001681141    4                       1         
G0793003000026716    2019013020190201826900000006100105320190201002221000694000100000000061000000142000001691141    4                       1         
G0793003000026716    2019013020190201826000000004250105320190204000412002573200100000000042500000142000001701116    4                       1         
G0793003000026716    2019013020190201826900000005950105320190201000354000556600100000000059500000142000001711141    4                       1         
G0793003000026716    2019013020190201826900000005350105320190103000913000430200100000000053500000142000001721141    4                       1         
G0793003000026716    2019013020190201826900000004300105320190201001154000619400100000000043000000142000001731141    4                       1         
G0793003000026716    2019013020190201826900000004200105320190201001993000677600100000000042000000142000001741141    4                       1         
G0793003000026716    2019013020190201826900000004200105320190201000223000545800100000000042000000142000001751141    4                       1         
G0793003000026716    2019013020190201826900000004200105320190201000031000532200100000000042000000142000001761141    4                       1         
G0793003000026716    2019013020190201826800000004600105320190201000483000567100100000000046000000142000001771141    4                       1         
G0793003000026716    2019013020190201826800000004450105320190201001657000653300100000000044500000142000001781141    4                       1         
G0793003000026716    2019013020190201826800000004350105320190103000140000369400100000000043500000142000001791141    4                       1         
G0793003000026716    2019013020190201826800000004300105320190201001171000620700100000000043000000142000001801141    4                       1         
G0793003000026716    2019013020190201826800000005450105320190201001141000618500100000000054500000142000001811141    4                       1         
G0793003000026716    2019013020190201826800000004200105320190201001981000676900100000000042000000142000001821141    4                       1         
G0793003000026716    2019013020190201826800000004200105320190201000862000598000100000000042000000142000001831141    4                       1         
G0793003000026716    2019013020190201826800000004200105320190201000481000566900100000000042000000142000001841141    4                       1         
G0793003000026716    2019013020190201826800000004200105320190201000430000562700100000000042000000142000001851141    4                       1         
G0793003000026716    2019013020190201826800000004200105320190103000076000364600100000000042000000142000001861141    4                       1         
G0793003000026716    2019013020190201826900000015300105320190103000455000394100100000000153000000142000001871141    4                       1         
G0793003000026716    2019013020190201826900000010850105320190103001467000469500100000000108500000142000001881141    4                       1         
G0793003000026716    2019013020190201826700000004800105320190201000669000582400100000000048000000142000001891141    4                       1         
G0793003000026716    2019013020190201826700000004350105320190201002135000687400100000000043500000142000001901141    4                       1         
G0793003000026716    2019013020190201826700000004300105320190201002166000689900100000000043000000142000001911141    4                       1         
G0793003000026716    2019013020190201826700000004200105320190201001771000661500100000000042000000142000001921141    4                       1         
G0793003000026716    2019013020190201826700000004200105320190201000218000545300100000000042000000142000001931141    4                       1         
G0793003000026716    2019013020190201826600000011700105320181203001382000294700100000000117000000142000001941141    4                       1         
G0793003000026716    2019013020190201826600000008310105320190201002122000697100100000000083100000142000001951141    4                       1         
G0793003000026716    2019013020190201826600000005950105320190201000685000583600100000000059500000142000001961141    4                       1         
G0793003000026716    2019013020190201826700000001300105320181221000400014126100100000000013000000142000001973089    4                       1         
G0793003000026716    2019013020190201826600000005500105320190103000519000399600100000000055000000142000001981141    4                       1         
G0793003000026716    2019013020190201826600000004300105320190201000131000539400100000000043000000142000001991141    4                       1         
G0793003000026716    2019013020190201826600000004200105320190201000449000564200100000000042000000142000002001141    4                       1         
G0793003000026716    2019013020190201826600000004200105320190201000438000563400100000000042000000142000002011141    4                       1         
G0793003000026716    2019013020190201826700000005550105320190103001328000459800100000000055500000142000002021141    4                       1         
G0793003000026716    2019013020190201826500000007250105320190103001160000448600100000000072500000142000002031141    4                       1         
G0793003000026716    2019013020190201826500000007100105320190201002090000684100100000000071000000142000002041141    4                       1         
G0793003000026716    2019013020190201826500000005350105320190201000611000578300100000000053500000142000002051141    4                       1         
G0793003000026716    2019013020190201826500000004350105320190103000947000432900100000000043500000142000002061141    4                       1         
G0793003000026716    2019013020190201826400000011150105320190103000546000401900100000000111500000142000002071141    4                       1         
G0793003000026716    2019013020190201826400000010850105320190103001382000529300100000000108500000142000002081141    4                       1         
G0793003000026716    2019013020190201826400000006700105320190103000483000396300100000000067000000142000002091141    4                       1         
G0793003000026716    2019013020190201826400000005700105320190103000041000362600100000000057000000142000002101141    4                       1         
G0793003000026716    2019013020190201826400000004300105320190201002092000684300100000000043000000142000002111141    4                       1         
G0793003000026716    2019013020190201826400000004300105320190201001294000628600100000000043000000142000002121141    4                       1         
G0793003000026716    2019013020190201826400000004300105320190103001664000483400100000000043000000142000002131141    4                       1         
G0793003000026716    2019013020190201826400000004200105320190201001382000696200100000000042000000142000002141141    4                       1         
G0793003000026716    2019013020190201826400000004200105320190201000408000560900100000000042000000142000002151141    4                       1         
G0793003000026716    2019013020190201826400000004200105320190201000089000536300100000000042000000142000002161141    4                       1         
G0793003000026716    2019013020190201826500000004200105320190201002122000686400100000000042000000142000002171141    4                       1         
G0793003000026716    2019013020190201826500000004200105320190201001321000630300100000000042000000142000002181141    4                       1         
G0793003000026716    2019013020190201826500000004200105320190201001131000617600100000000042000000142000002191141    4                       1         
G0793003000026716    2019013020190201826500000004200105320190201000233000546400100000000042000000142000002201141    4                       1         
G0793003000026716    2019013020190201826300000005950105320190201001358000633000100000000059500000142000002211141    4                       1         
G0793003000026716    2019013020190201826300000005300105320190201001144000618700100000000053000000142000002221141    4                       1         
G0793003000026716    2019013020190201826200000006650105320190103000204000374100100000000066500000142000002231141    4                       1         
G0793003000026716    2019013020190201826500000004200105320190201000199000544100100000000042000000142000002241141    4                       1         
G0793003000026716    2019013020190201826500000004200105320190201000180000542700100000000042000000142000002251141    4                       1         
G0793003000026716    2019013020190201826500000004200105320190103000186000372600100000000042000000142000002261141    4                       1         
G0793003000026716    2019013020190201826200000004200105320190103001025000438500100000000042000000142000002271141    4                       1         
G0793003000026716    2019013020190201826200000004200105320190103000249000377300100000000042000000142000002281141    4                       1         
G0793003000026716    2019013020190201826100000008450105320190103000636000409400100000000084500000142000002291141    4                       1         
G0793003000026716    2019013020190201826200000004400105320190103001676000484200100000000044000000142000002301141    4                       1         
G0793003000026716    2019013020190201826200000004300105320190201001260000626800100000000043000000142000002311141    4                       1         
G0793003000026716    2019013020190201826100000005450105320190103001516000472900100000000054500000142000002321141    4                       1         
G0793003000026716    2019013020190201826100000005300105320190201000665000582000100000000053000000142000002331141    4                       1         
G0793003000026716    2019013020190201826100000004400105320190103001135000446800100000000044000000142000002341141    4                       1         
G0793003000026716    2019013020190201826100000004300105320190201000386000559000100000000043000000142000002351141    4                       1         
G0793003000026716    2019013020190201826100000004300105320190103001595000478100100000000043000000142000002361141    4                       1         
G0793003000026716    2019013020190201826100000004200105320190201001468000640500100000000042000000142000002371141    4                       1         
G0793003000026716    2019013020190201826100000004200105320190201000601000577400100000000042000000142000002381141    4                       1         
G0793003000026716    2019013020190201826000000010850105320190103001975000525800100000000108500000142000002391141    4                       1         
G0793003000026716    2019013020190201826000000004300105320190121000612014231500100000000043000000142000002403089    4                       1         
G0793003000026716    2019013020190201826200000004200105320190115000539022048200100000000042000000142000002413738    4                       1         
G0793003000026716    2019013020190201826400000004300105320190214001648010491200100000000043000000142000002421829    4                       1         
G0793003000026716    2019013020190201826700000004200105320190115000593022053200100000000042000000142000002433738    4                       1         
G0793003000026716    2019013020190201826400000005950105320190115000756022066200100000000059500000142000002443738    4                       1         
G0793003000026716    2019013020190201826400000004200105320190115000782022068500100000000042000000142000002453738    4                       1         
G0793003000026716    2019013020190201826300000005350105320190115000283022025600100000000053500000142000002463738    4                       1         
G0793003000026716    2019013020190201826100000004200105320190115000754022066000100000000042000000142000002473738    4                       1         
G0793003000026716    2019013020190201826400000004300105320190214001295010468900100000000043000000142000002481829    4                       1         
G0793003000026716    2019013020190201826000000007850105320190201000503000568700100000000078500000142000002491141    4                       1         
G0793003000026716    2019013020190201826000000005500105320190103001410000465300100000000055000000142000002501141    4                       1         
G0793003000026716    2019013020190201826000000004300105320190201001899000670600100000000043000000142000002511141    4                       1         
G0793003000026716    2019013020190201826000000004200105320190201001546000645600100000000042000000142000002521141    4                       1         
G0793003000026716    2019013020190201826000000004200105320190201001543000645300100000000042000000142000002531141    4                       1         
G0793003000026716    2019013020190201826000000004200105320190201000585000576000100000000042000000142000002541141    4                       1         
G0793003000026716    2019013020190201826200000004200105320190201000304000552300100000000042000000142000002551141    4                       1         
G0793003000026716    2019013020190201826200000004200105320190201000043000533300100000000042000000142000002561141    4                       1         
G0793003000026716    2019013020190201826900000007100105320190214000680010428600100000000071000000142000002571829    4                       1         
G0793003000026716    2019013020190201826900000005350105320190114001002010328700100000000053500000142000002581829    4                       1         
G0793003000026716    2019013020190201826900000004200105320190214000703010430400100000000042000000142000002591829    4                       1         
G0793003000026716    2019013020190201826900000001400105320190214001730010496400100000000014000000142000002601829    4                       1         
G0793003000026716    2019013020190201826900000001400105320190214000145010391700100000000014000000142000002611829    4                       1         
G0793003000026716    2019013020190201826800000010850105320190114001246010342900100000000108500000142000002621829    4                       1         
G0793003000026716    2019013020190201826800000009350105320190214000291010401900100000000093500000142000002631829    4                       1         
G0793003000026716    2019013020190201826800000008600105320190214000743010433700100000000086000000142000002641829    4                       1         
G0793003000026716    2019013020190201826800000004300105320190214000019010382700100000000043000000142000002651829    4                       1         
G0793003000026716    2019013020190201826400000007100105320190114000473010290700100000000071000000142000002661829    4                       1         
G0793003000026716    2019013020190201826800000004300105320190114000683010305700100000000043000000142000002671829    4                       1         
G0793003000026716    2019013020190201826800000004200105320190214001478010480900100000000042000000142000002681829    4                       1         
G0793003000026716    2019013020190201826800000004200105320190214001425010477400100000000042000000142000002691829    4                       1         
G0793003000026716    2019013020190201826800000004200105320190214000999010451300100000000042000000142000002701829    4                       1         
G0793003000026716    2019013020190201826800000004200105320190214000657010427000100000000042000000142000002711829    4                       1         
G0793003000026716    2019013020190201826900000019400105320190214000846010442400100000000194000000142000002721829    4                       1         
G0793003000026716    2019013020190201826900000007850105320190214000522010417000100000000078500000142000002731829    4                       1         
G0793003000026716    2019013020190201826700000004950105320190114000001010258500100000000049500000142000002741829    4                       1         
G0793003000026716    2019013020190201826700000004200105320190214001713010495400100000000042000000142000002751829    4                       1         
G0793003000026716    2019013020190201826700000004200105320190214001658010491900100000000042000000142000002761829    4                       1         
G0793003000026716    2019013020190201826700000004200105320190214001558010485400100000000042000000142000002771829    4                       1         
G0793003000026716    2019013020190201826600000006550105320190214000261010399700100000000065500000142000002781829    4                       1         
G0793003000026716    2019013020190201826600000004300105320190214000395010408500100000000043000000142000002791829    4                       1         
G0793003000026716    2019013020190201826700000005450105320190114001056010331300100000000054500000142000002801829    4                       1         
G0793003000026716    2019013020190201826500000009350105320190214000954010448700100000000093500000142000002811829    4                       1         
G0793003000026716    2019013020190201826500000006650105320190214000909010445800100000000066500000142000002821829    4                       1         
G0793003000026716    2019013020190201826700000005000105320190114000624010301100100000000050000000142000002831829    4                       1         
G0793003000026716    2019013020190201826500000005800105320190214000421010410400100000000058000000142000002841829    4                       1         
G0793003000026716    2019013020190201826500000004300105320190114001078010332300100000000043000000142000002851829    4                       1         
G0793003000026716    2019013020190201826400000006150105320190114001067010331800100000000061500000142000002861829    4                       1         
G0793003000026716    2019013020190201826400000004800105320190214001231010464700100000000048000000142000002871829    4                       1         
G0793003000026716    2019013020190201826200000004200105320190114000770010312800100000000042000000142000002881829    4                       1         
G0793003000026716    2019013020190201826400000004400105320190214001222010464000100000000044000000142000002891829    4                       1         
G0793003000026716    2019013020190201826400000004350105320190114000620010300900100000000043500000142000002901829    4                       1         
G0793003000026716    2019013020190201826400000004300105320190214001103010456700100000000043000000142000002911829    4                       1         
G0793003000026716    2019013020190201826500000004050105320190204070696035756000100000000040500000142000002922525    4                       1         
G0793003000026716    2019013020190201826900000015400105320190103001481000470200100000000154000000142000002932525    4                       1         
G0793003000026716    2019013020190201826400000003100105320190205004790006823300100000000031000000142000002940793    4                       1         
G0793003000026716    2019013020190201826800000005700105320190205005270006827600100000000057000000142000002950793    4                       1         
G0793003000026716    2019013020190201826700000003950105320190107000239095647800100000000039500000142000002964481    4                       1         
G0793003000026716    2019013020190201826600000003950105320190107000236095647500100000000039500000142000002974481    4                       1         
G0793003000026716    2019013020190201826600000003850105320181206000999095610500100000000038500000142000002984481    4                       1         
G0793003000026716    2019013020190201826600000003850105320181107000558000055300100000000038500000142000002994481    4                       1         
G0793003000026716    2019013020190201826500000003850105320181206000385095550300100000000038500000142000003004481    4                       1         
G0793003000026716    2019013020190201826200000003850105320181107001102000109700100000000038500000142000003014481    4                       1         
G0793003000026716    2019013020190201826100000003850105320181206000475095559100100000000038500000142000003024481    4                       1         
G0793003000026716    2019013020190201826100000003850105320181107001141000113600100000000038500000142000003034481    4                       1         
G0793003000026716    2019013020190201826400000004300105320190114001348010349100100000000043000000142000003041829    4                       1         
G0793003000026716    2019013020190201826400000004300105320190114001157010337300100000000043000000142000003051829    4                       1         
G0793003000026716    2019013020190201826400000004300105320190114001045010330900100000000043000000142000003061829    4                       1         
G0793003000026716    2019013020190201826400000004300105320190114000362010283600100000000043000000142000003071829    4                       1         
G0793003000026716    2019013020190201826400000004200105320190214001678010493300100000000042000000142000003081829    4                       1         
G0793003000026716    2019013020190201826400000004200105320190114001298010346300100000000042000000142000003091829    4                       1         
G0793003000026716    2019013020190201826400000004200105320190114001298010346300100000000042000000142000003101829    4                       1         
G0793003000026716    2019013020190201826500000004200105320190214000972010449700100000000042000000142000003111829    4                       1         
G0793003000026716    2019013020190201826300000008600105320190214001248010465900100000000086000000142000003121829    4                       1         
G0793003000026716    2019013020190201826300000007850105320190114001338010348600100000000078500000142000003131829    4                       1         
G0793003000026716    2019013020190201826300000005950105320190214001226010464400100000000059500000142000003141829    4                       1         
G0793003000026716    2019013020190201826300000005500105320190214000213010396600100000000055000000142000003151829    4                       1         
G0793003000026716    2019013020190201826300000004450105320190114000410010286500100000000044500000142000003161829    4                       1         
G0793003000026716    2019013020190201826300000004350105320181213001544010242500100000000043500000142000003171829    4                       1         
G0793003000026716    2019013020190201826300000004200105320190214001047010453900100000000042000000142000003181829    4                       1         
G0793003000026716    2019013020190201826300000004200105320190214000920010446600100000000042000000142000003191829    4                       1         
G0793003000026716    2019013020190201826300000004200105320190214000317010403700100000000042000000142000003201829    4                       1         
G0793003000026716    2019013020190201826500000004200105320190114001544010362300100000000042000000142000003211829    4                       1         
G0793003000026716    2019013020190201826500000004200105320190114001103010333700100000000042000000142000003221829    4                       1         
G0793003000026716    2019013020190201826200000004200105320190114000747010310900100000000042000000142000003231829    4                       1         
G0793003000026716    2019013020190201826100000010350105320190114000896010322000100000000103500000142000003241829    4                       1         
G0793003000026716    2019013020190201826200000004400105320190114000367010283900100000000044000000142000003251829    4                       1         
G0793003000026716    2019013020190201826200000004300105320190114000207010272800100000000043000000142000003261829    4                       1         
G0793003000026716    2019013020190201826200000004200105320190214000851010501900100000000042000000142000003271829    4                       1         
G0793003000026716    2019013020190201826100000004400105320190114000151010268900100000000044000000142000003281829    4                       1         
G0793003000026716    2019013020190201826100000004200105320190214000699010430100100000000042000000142000003291829    4                       1         
G0793003000026716    2019013020190201826100000004200105320190214000562010419500100000000042000000142000003301829    4                       1         
G0793003000026716    2019013020190201826200000004200105320190214000383010408000100000000042000000142000003311829    4                       1         
G0793003000026716    2019013020190201826000000011100105320190114001279010345000100000000111000000142000003321829    4                       1         
G0793003000026716    2019013020190201826000000009350105320190214000781010437100100000000093500000142000003331829    4                       1         
G0793003000026716    2019013020190201826000000006100105320190114000736010310000100000000061000000142000003341829    4                       1         
G0793003000026716    2019013020190201826000000004300105320190214001660010492000100000000043000000142000003351829    4                       1         
G0793003000026716    2019013020190201826000000004300105320190114000737010310100100000000043000000142000003361829    4                       1         
G0793003000026716    2019013020190201826000000004200105320190214000866010443700100000000042000000142000003371829    4                       1         
G0793003000026716    2019013020190201826000000004200105320190214000055010385300100000000042000000142000003381829    4                       1         
G0793003000026716    2019013020190201826000000004200105320190214000011010382100100000000042000000142000003391829    4                       1         
G0793003000026716    2019013020190201826200000004200105320190214000179010394200100000000042000000142000003401829    4                       1         
G0793003000026716    2019013020190201826000000004050105320190204070065035782300100000000040500000142000003411829    4                       1         
G0793003000026716    2019013020190201826500000006300105320190204070953035774900100000000063000000142000003421829    4                       1         
G0793003000026716    2019013020190201826400000003100105320190205005325006828100100000000031000000142000003430793    4                       1         
Z00034500000000001699260                                                                                                                              
