A2201053              HIDROFORTETOCANTINS 104CAIXA ECON. FEDERAL 2019020100154303                                                                     
G0793003000026716    2019013120190201826800000009684105300100000071462081530800000000000096840000142000000010007    3                       1         
G0793003000026716    2019013120190201826700000003750105300100000060633002605600000000000037500000142000000023738    3                       1         
G0793003000026716    2019013120190201826700000001350105320181002071037035472600100000000013500000142000000033939    3                       1         
G0793003000026716    2019013120190201826400000006550105320190103070703035679400100000000065500000142000000043939    3                       1         
G0793003000026716    2019013120190201826400000001300105320181203071037035627400100000000013000000142000000053939    3                       1         
G0793003000026716    2019013120190201826500000004950105320190114001657010369200100000000049500000142000000063314    3                       1         
G0793003000026716    2019013120190204826500000004200105320190115000688022061100100000000042000000142000000073722    4                       1         
G0793003000026716    2019013120190204826600000004050105320190204070208035718800100000000040500000142000000082525    4                       1         
G0793003000026716    2019013120190204826400000004100105300100000071644081720900000000000041000000142000000093939    4                       1         
G0793003000026716    2019013120190204826100000001250105300100000070984081658100000000000012500000142000000103939    4                       1         
G0793003000026716    2019013120190204826100000004300105300100000070273035648700000000000043000000142000000111829    4                       1         
G0793003000026716    2019013120190204826300000004150105300100000071526081709800000000000041500000142000000123939    4                       1         
G0793003000026716    2019013120190204826300000004100105300100000071764081732000000000000041000000142000000133939    4                       1         
G0793003000026716    2019013120190204826500000007850105300100000061093002539800000000000078500000142000000143738    4                       1         
G0793003000026716    2019013120190204826900000004900105300100000060758002510500000000000049000000142000000153738    4                       1         
G0793003000026716    2019013120190204826400000004800105300100000070223020268900000000000048000000142000000161829    4                       1         
G0793003000026716    2019013120190204826400000006700105300100000070096020260800000000000067000000142000000171829    4                       1         
G0793003000026716    2019013120190204826100000004050105300100000070161020264800000000000040500000142000000181829    4                       1         
G0793003000026716    2019013120190204826400000013300105300100000070229020269400000000000133000000142000000191829    4                       1         
G0793003000026716    2019013120190204826500000005750105300100000061319002664800000000000057500000142000000203738    4                       1         
G0793003000026716    2019013120190204826000000007850105300100000060784002512900000000000078500000142000000213738    4                       1         
G0793003000026716    2019013120190204826500000003100105300100000005290006757400000000000031000000142000000220793    4                       1         
G0793003000026716    2019013120190204826000000003850105300100000061064002537400000000000038500000142000000233738    4                       1         
G0793003000026716    2019013120190204826000000003850105300100000060386002584600000000000038500000142000000243738    4                       1         
G0793003000026716    2019013120190204826600000006450105300100000070163020265000000000000064500000142000000250793    4                       1         
G0793003000026716    2019013120190204826700000003850105300100000060291002470800000000000038500000142000000263738    4                       1         
G0793003000026716    2019013120190204826300000003000105300100000070191081587200000000000030000000142000000273939    4                       1         
G0793003000026716    2019013120190204826600000003750105300100000060781002619400000000000037500000142000000283738    4                       1         
G0793003000026716    2019013120190204826600000001100105300100000060673002609100000000000011000000142000000293738    4                       1         
G0793003000026716    2019013120190204826900000003750105300100000060174002567100000000000037500000142000000303738    4                       1         
G0793003000026716    2019013120190204826300000001250105300100000070302081593600000000000012500000142000000313939    4                       1         
G0793003000026716    2019013120190204826000000004150105300100000070395020280700000000000041500000142000000321829    4                       1         
G0793003000026716    2019013120190204826800000004050105300100000070190020266600000000000040500000142000000331829    4                       1         
G0793003000026716    2019013120190204826900000001250105300100000070085020260000000000000012500000142000000341829    4                       1         
G0793003000026716    2019013120190204826800000004050105300100000070194020266900000000000040500000142000000351829    4                       1         
G0793003000026716    2019013120190204826300000003750105300100000060463002591400000000000037500000142000000363738    4                       1         
G0793003000026716    2019013120190204826900000001100105300100000060627002605000000000000011000000142000000373738    4                       1         
G0793003000026716    2019013120190204826200000003800105300100000060782002619500000000000038000000142000000383738    4                       1         
G0793003000026716    2019013120190204826600000006150105300100000006025006780000000000000061500000142000000393863    4                       1         
G0793003000026716    2019013120190204826600000005700105300100000004580006751200000000000057000000142000000403863    4                       1         
G0793003000026716    2019013120190204826400000005000105300100000003610006742500000000000050000000142000000413863    4                       1         
G0793003000026716    2019013120190204826400000003750105300100000061171002653600000000000037500000142000000423738    4                       1         
G0793003000026716    2019013120190204826800000004850105300100000003540006741800000000000048500000142000000433863    4                       1         
G0793003000026716    2019013120190204826200000004200105300100000071269081512300000000000042000000142000000443939    4                       1         
G0793003000026716    2019013120190204826200000004100105300100000071838081739300000000000041000000142000000453939    4                       1         
G0793003000026716    2019013120190204826100000005200105300100000004420006749600000000000052000000142000000463863    4                       1         
G0793003000026716    2019013120190204826900000004150105300100000005922006773800000000000041500000142000000473863    4                       1         
G0793003000026716    2019013120190204826900000001300105300100000070491035664400000000000013000000142000000481829    4                       1         
G0793003000026716    2019013120190204826300000005250105300100000006014006779000000000000052500000142000000493863    4                       1         
G0793003000026716    2019013120190204826900000005900105300100000005653006768900000000000059000000142000000503863    4                       1         
G0793003000026716    2019013120190204826900000004850105300100000003560006742000000000000048500000142000000513863    4                       1         
G0793003000026716    2019013120190204826300000001300105300100000070589035670900000000000013000000142000000521829    4                       1         
G0793003000026716    2019013120190204826400000004200105300100000070739035682400000000000042000000142000000531829    4                       1         
G0793003000026716    2019013120190204826000000012250105300100000070922035694800000000000122500000142000000541829    4                       1         
G0793003000026716    2019013120190204826300000004250105300100000070547035667900000000000042500000142000000551829    4                       1         
G0793003000026716    2019013120190204826800000005400105300100000070495035664700000000000054000000142000000561829    4                       1         
G0793003000026716    2019013120190204826200000004200105300100000070507035665500000000000042000000142000000571829    4                       1         
G0793003000026716    2019013120190204826800000007750105300100000070244035646200000000000077500000142000000581829    4                       1         
G0793003000026716    2019013120190204826100000004100105300100000070926035619600000000000041000000142000000591829    4                       1         
G0793003000026716    2019013120190204826900000007200105300100000070926035695200000000000072000000142000000601829    4                       1         
G0793003000026716    2019013120190204826100000005950105300100000070779035684900000000000059500000142000000611829    4                       1         
G0793003000026716    2019013120190204826900000001350105320190214000738010433400100000000013500000142000000621829    4                       1         
G0793003000026716    2019013120190204826100000004200105320190214001473010501300100000000042000000142000000631829    4                       1         
G0793003000026716    2019013120190204826000000004700105320190205003170006808600100000000047000000142000000643863    4                       1         
G0793003000026716    2019013120190204826000000003200105320181205004280006676600100000000032000000142000000653863    4                       1         
G0793003000026716    2019013120190204826300000005650105320190214000535010417800100000000056500000142000000661829    4                       1         
G0793003000026716    2019013120190204826100000004800105320190114000441010289000100000000048000000142000000671829    4                       1         
G0793003000026716    2019013120190204826500000004050105320190204070526035782200100000000040500000142000000681829    4                       1         
G0793003000026716    2019013120190204826200000004050105320190204070620035750000100000000040500000142000000691829    4                       1         
G0793003000026716    2019013120190204826300000004200105320190114000837010318500100000000042000000142000000701829    4                       1         
G0793003000026716    2019013120190204826300000004200105320190214001586010487300100000000042000000142000000711829    4                       1         
G0793003000026716    2019013120190204826500000004300105320190114000414010286800100000000043000000142000000721829    4                       1         
G0793003000026716    2019013120190204826500000004200105320190114001406010377300100000000042000000142000000731829    4                       1         
G0793003000026716    2019013120190204826300000005950105320190214001426010477500100000000059500000142000000741829    4                       1         
G0793003000026716    2019013120190204826300000005950105320190114000679010305300100000000059500000142000000751829    4                       1         
G0793003000026716    2019013120190204826300000004200105320190214001475010480800100000000042000000142000000761829    4                       1         
G0793003000026716    2019013120190204826300000004200105320190214000347010405800100000000042000000142000000771829    4                       1         
G0793003000026716    2019013120190204826900000004200105320181213000837010193200100000000042000000142000000781829    4                       1         
G0793003000026716    2019013120190204826100000004300105320190114001095010333400100000000043000000142000000791829    4                       1         
G0793003000026716    2019013120190204826100000004200105320190114001498010359500100000000042000000142000000801829    4                       1         
G0793003000026716    2019013120190204826900000011150105320190114000559010296100100000000111500000142000000811829    4                       1         
G0793003000026716    2019013120190204826900000007200105320190214001406010476200100000000072000000142000000821829    4                       1         
G0793003000026716    2019013120190204826900000004200105320190114000851010319700100000000042000000142000000831829    4                       1         
G0793003000026716    2019013120190204826100000004050105320190204070871035768800100000000040500000142000000841829    4                       1         
G0793003000026716    2019013120190204826800000005700105320190204070672035753900100000000057000000142000000851829    4                       1         
G0793003000026716    2019013120190204826800000004050105320190204070908035771100100000000040500000142000000861829    4                       1         
G0793003000026716    2019013120190204826700000004150105320190204070379035732000100000000041500000142000000871829    4                       1         
G0793003000026716    2019013120190204826700000004050105320190204070848035767100100000000040500000142000000881829    4                       1         
G0793003000026716    2019013120190204826900000004200105320190214000513010416300100000000042000000142000000891829    4                       1         
G0793003000026716    2019013120190204826200000004200105320181213000851010194500100000000042000000142000000901829    4                       1         
G0793003000026716    2019013120190204826500000004200105320190114000469010290300100000000042000000142000000911829    4                       1         
G0793003000026716    2019013120190204826500000004200105320190114000080010263400100000000042000000142000000921829    4                       1         
G0793003000026716    2019013120190204826600000004200105320190214001482010481200100000000042000000142000000931829    4                       1         
G0793003000026716    2019013120190204826300000004200105320181213001473010237700100000000042000000142000000941829    4                       1         
G0793003000026716    2019013120190204826500000008250105320190204070747035760100100000000082500000142000000951829    4                       1         
G0793003000026716    2019013120190204826100000003100105320190205003960006815700100000000031000000142000000963863    4                       1         
G0793003000026716    2019013120190204826800000003100105320190205002772006804500100000000031000000142000000973863    4                       1         
G0793003000026716    2019013120190204826200000008950105320190114001495010359300100000000089500000142000000981829    4                       1         
G0793003000026716    2019013120190204826200000004900105320190214000210010396300100000000049000000142000000991829    4                       1         
G0793003000026716    2019013120190204826200000004350105320190114000511010293100100000000043500000142000001001829    4                       1         
G0793003000026716    2019013120190204826000000006450105320190103070158035639100100000000064500000142000001011829    4                       1         
G0793003000026716    2019013120190204826200000004300105320190114001549010362600100000000043000000142000001021829    4                       1         
G0793003000026716    2019013120190204826200000004300105320190114001526010361500100000000043000000142000001031829    4                       1         
G0793003000026716    2019013120190204826200000004200105320190214000837010501400100000000042000000142000001041829    4                       1         
G0793003000026716    2019013120190204826200000004200105320190214000342010405600100000000042000000142000001051829    4                       1         
G0793003000026716    2019013120190204826200000004200105320190214000216010396800100000000042000000142000001061829    4                       1         
G0793003000026716    2019013120190204826200000004200105320190214000146010391800100000000042000000142000001071829    4                       1         
G0793003000026716    2019013120190204826800000008100105320190114000334010281900100000000081000000142000001081829    4                       1         
G0793003000026716    2019013120190204826800000004400105320190114001440010355700100000000044000000142000001091829    4                       1         
G0793003000026716    2019013120190204826800000004300105320190214001329010471000100000000043000000142000001101829    4                       1         
G0793003000026716    2019013120190204826900000004200105320190214000520010416800100000000042000000142000001111829    4                       1         
G0793003000026716    2019013120190204826400000004200105320190114000779010313700100000000042000000142000001121829    4                       1         
G0793003000026716    2019013120190204826800000004200105320190214000296010402300100000000042000000142000001131829    4                       1         
G0793003000026716    2019013120190204826800000004200105320190114001473010380300100000000042000000142000001141829    4                       1         
G0793003000026716    2019013120190204826200000004050105320190204070693035755800100000000040500000142000001151829    4                       1         
G0793003000026716    2019013120190204826000000005800105320190204070910035771300100000000058000000142000001161829    4                       1         
G0793003000026716    2019013120190204826900000004150105320190204070175035716200100000000041500000142000001171829    4                       1         
G0793003000026716    2019013120190204826900000004150105320190204070203035718400100000000041500000142000001181829    4                       1         
G0793003000026716    2019013120190204826900000004050105320190204070586035747500100000000040500000142000001191829    4                       1         
G0793003000026716    2019013120190204826400000001250105320190204070637035751100100000000012500000142000001201829    4                       1         
G0793003000026716    2019013120190204826500000004150105320190204070793035763100100000000041500000142000001211829    4                       1         
G0793003000026716    2019013120190204826500000004150105320190204070204035718500100000000041500000142000001221829    4                       1         
G0793003000026716    2019013120190204826300000001250105320190204070569035746600100000000012500000142000001231829    4                       1         
G0793003000026716    2019013120190204826800000004150105320190204070940035773900100000000041500000142000001241829    4                       1         
G0793003000026716    2019013120190204826800000004150105320190204070481035740200100000000041500000142000001251829    4                       1         
G0793003000026716    2019013120190204826300000004050105320190204070263035723700100000000040500000142000001261829    4                       1         
G0793003000026716    2019013120190204826800000001250105320190204070532035743700100000000012500000142000001271829    4                       1         
G0793003000026716    2019013120190204826600000004150105320190204070762035761000100000000041500000142000001281829    4                       1         
G0793003000026716    2019013120190204826700000004050105320190204070488035740900100000000040500000142000001291829    4                       1         
G0793003000026716    2019013120190204826400000004200105320190204070779035762100100000000042000000142000001301829    4                       1         
G0793003000026716    2019013120190204826300000010650105320190204070697035756100100000000106500000142000001311829    4                       1         
G0793003000026716    2019013120190204826600000004050105320190204070921035772300100000000040500000142000001321829    4                       1         
G0793003000026716    2019013120190204826400000004300105320181213000702010181200100000000043000000142000001331829    4                       1         
G0793003000026716    2019013120190204826000000003100105320190205000630006785400100000000031000000142000001343863    4                       1         
G0793003000026716    2019013120190204826100000005100105320190205001080006789500100000000051000000142000001353863    4                       1         
G0793003000026716    2019013120190204826200000004700105320190205000041006780300100000000047000000142000001363863    4                       1         
G0793003000026716    2019013120190204826200000004150105320181205005620006695100100000000041500000142000001373863    4                       1         
G0793003000026716    2019013120190204826400000003100105320190205001420006792800100000000031000000142000001383863    4                       1         
G0793003000026716    2019013120190204826200000003100105320190205004535006821000100000000031000000142000001393863    4                       1         
G0793003000026716    2019013120190204826000000003100105320190105005620006766600100000000031000000142000001403863    4                       1         
G0793003000026716    2019013120190204826600000004700105320190205000870006787500100000000047000000142000001413863    4                       1         
G0793003000026716    2019013120190204826400000006600105320190205002920006806100100000000066000000142000001423863    4                       1         
G0793003000026716    2019013120190204826100000004700105320190205002750006804300100000000047000000142000001433863    4                       1         
G0793003000026716    2019013120190204826300000003100105320190205001610006794300100000000031000000142000001443863    4                       1         
G0793003000026716    2019013120190204826200000004700105320190205003500006811800100000000047000000142000001453863    4                       1         
G0793003000026716    2019013120190204826200000003700105320190205004670006822400100000000037000000142000001463863    4                       1         
G0793003000026716    2019013120190204826300000004700105320190205004270006818700100000000047000000142000001473863    4                       1         
G0793003000026716    2019013120190204826100000004700105320190205002220006799700100000000047000000142000001483863    4                       1         
G0793003000026716    2019013120190204826200000004700105320190205003240006809300100000000047000000142000001493863    4                       1         
G0793003000026716    2019013120190204826200000004700105320190205001430006792900100000000047000000142000001503863    4                       1         
G0793003000026716    2019013120190204826500000004200105320190115000635018053200100000000042000000142000001511141    4                       1         
G0793003000026716    2019013120190204826500000004200105320190115000172018014500100000000042000000142000001521141    4                       1         
G0793003000026716    2019013120190204826200000005350105320190115000594018049400100000000053500000142000001531141    4                       1         
G0793003000026716    2019013120190204826600000004200105320190115000212018017900100000000042000000142000001541141    4                       1         
G0793003000026716    2019013120190204826100000004200105320190115000637018053300100000000042000000142000001551141    4                       1         
G0793003000026716    2019013120190204826000000004150105320190204000345002570000100000000041500000142000001561116    4                       1         
G0793003000026716    2019013120190204826900000004200105320190115000034018002900100000000042000000142000001571141    4                       1         
G0793003000026716    2019013120190204826000000004150105320190204000230002563800100000000041500000142000001581116    4                       1         
G0793003000026716    2019013120190204826700000004200105320190115000532018043900100000000042000000142000001591141    4                       1         
G0793003000026716    2019013120190204826000000008450105320190115000173018014600100000000084500000142000001601141    4                       1         
G0793003000026716    2019013120190204826200000004200105320190115000470018038700100000000042000000142000001611141    4                       1         
G0793003000026716    2019013120190204826300000003800105320190205002490006802100100000000038000000142000001623863    4                       1         
G0793003000026716    2019013120190204826300000003200105320190205005770006842200100000000032000000142000001633863    4                       1         
G0793003000026716    2019013120190204826300000004200105320190115000599018049800100000000042000000142000001641141    4                       1         
G0793003000026716    2019013120190204826100000010100105320190115000087018007300100000000101000000142000001651141    4                       1         
G0793003000026716    2019013120190204826800000003100105320190205005984006848300100000000031000000142000001663863    4                       1         
G0793003000026716    2019013120190204826300000004200105320190214001483010481300100000000042000000142000001671829    4                       1         
G0793003000026716    2019013120190204826900000004200105320190115000319022028800100000000042000000142000001683738    4                       1         
G0793003000026716    2019013120190204826100000004200105320190115000704022062700100000000042000000142000001693738    4                       1         
G0793003000026716    2019013120190204826100000004200105320190115000203022018300100000000042000000142000001703738    4                       1         
G0793003000026716    2019013120190204826100000004200105320190115000188022016800100000000042000000142000001713738    4                       1         
G0793003000026716    2019013120190204826400000027750105320190115000332022029900100000000277500000142000001723738    4                       1         
G0793003000026716    2019013120190204826200000005950105320190315000497022116400100000000059500000142000001733738    4                       1         
G0793003000026716    2019013120190204826800000005550105320190103000302000381500100000000055500000142000001741141    4                       1         
G0793003000026716    2019013120190204826800000004800105320190201000770000590600100000000048000000142000001751141    4                       1         
G0793003000026716    2019013120190204826800000004450105320190201001345000632000100000000044500000142000001761141    4                       1         
G0793003000026716    2019013120190204826800000004200105320190201002181000691300100000000042000000142000001771141    4                       1         
G0793003000026716    2019013120190204826800000004200105320190201002091000684200100000000042000000142000001781141    4                       1         
G0793003000026716    2019013120190204826800000004200105320190201001576000647300100000000042000000142000001791141    4                       1         
G0793003000026716    2019013120190204826800000004200105320190201001479000641000100000000042000000142000001801141    4                       1         
G0793003000026716    2019013120190204826800000004200105320190201000289000551000100000000042000000142000001811141    4                       1         
G0793003000026716    2019013120190204826100000006100105320190103002150000517800100000000061000000142000001821141    4                       1         
G0793003000026716    2019013120190204826100000005300105320190201001156000619500100000000053000000142000001831141    4                       1         
G0793003000026716    2019013120190204826400000006700105320190201001780000662100100000000067000000142000001841141    4                       1         
G0793003000026716    2019013120190204826400000004300105320190201000921000602300100000000043000000142000001851141    4                       1         
G0793003000026716    2019013120190204826400000004200105320190201001288000628100100000000042000000142000001861141    4                       1         
G0793003000026716    2019013120190204826400000004200105320190201000743000588500100000000042000000142000001871141    4                       1         
G0793003000026716    2019013120190204826800000004200105320190115000229022020700100000000042000000142000001883738    4                       1         
G0793003000026716    2019013120190204826300000010350105320190103001635000481600100000000103500000142000001891141    4                       1         
G0793003000026716    2019013120190204826300000006550105320190201002177000690900100000000065500000142000001901141    4                       1         
G0793003000026716    2019013120190204826300000004300105320190201001963000675300100000000043000000142000001911141    4                       1         
G0793003000026716    2019013120190204826300000004300105320190201000337000555100100000000043000000142000001921141    4                       1         
G0793003000026716    2019013120190204826100000004200105320190201000902000600700100000000042000000142000001931141    4                       1         
G0793003000026716    2019013120190204826900000007100105320190201001018000609500100000000071000000142000001941141    4                       1         
G0793003000026716    2019013120190204826900000004400105320190103000790000421300100000000044000000142000001951141    4                       1         
G0793003000026716    2019013120190204826900000004300105320190103002141000517200100000000043000000142000001961141    4                       1         
G0793003000026716    2019013120190204826900000004200105320190201001694000656000100000000042000000142000001971141    4                       1         
G0793003000026716    2019013120190204826300000004200105320190201000396000559800100000000042000000142000001981141    4                       1         
G0793003000026716    2019013120190204826300000004200105320190201000392000559500100000000042000000142000001991141    4                       1         
G0793003000026716    2019013120190204826900000004200105320190201001690000655700100000000042000000142000002001141    4                       1         
G0793003000026716    2019013120190204826900000004200105320190201000974000606200100000000042000000142000002011141    4                       1         
G0793003000026716    2019013120190204826900000004200105320190201000769000590500100000000042000000142000002021141    4                       1         
G0793003000026716    2019013120190204826900000004200105320190201000575000575200100000000042000000142000002031141    4                       1         
G0793003000026716    2019013120190204826300000004200105320190103000240000376700100000000042000000142000002041141    4                       1         
G0793003000026716    2019013120190204826700000007350105320190214000641010425600100000000073500000142000002051829    4                       1         
G0793003000026716    2019013120190204826700000007300105320190114000944010325000100000000073000000142000002061829    4                       1         
G0793003000026716    2019013120190204826700000005950105320190214000087010387400100000000059500000142000002071829    4                       1         
G0793003000026716    2019013120190204826700000004300105320190114000486010291500100000000043000000142000002081829    4                       1         
G0793003000026716    2019013120190204826700000004200105320190214001135010458600100000000042000000142000002091829    4                       1         
G0793003000026716    2019013120190204826700000004200105320190114001404010353200100000000042000000142000002101829    4                       1         
G0793003000026716    2019013120190204826600000006000105320190214001481010481100100000000060000000142000002111829    4                       1         
G0793003000026716    2019013120190204826600000004200105320190114000928010324000100000000042000000142000002121829    4                       1         
G0793003000026716    2019013120190204826500000012600105320190214000580010421000100000000126000000142000002131829    4                       1         
G0793003000026716    2019013120190204826500000005950105320190114000169010270100100000000059500000142000002141829    4                       1         
G0793003000026716    2019013120190204826600000004300105320190114000815010316700100000000043000000142000002151829    4                       1         
G0793003000026716    2019013120190204826500000004300105320190214001196010462200100000000043000000142000002161829    4                       1         
G0793003000026716    2019013120190204826800000004200105320190121000923014257800100000000042000000142000002173089    4                       1         
G0793003000026716    2019013120190204826200000001300105320190121000747014243900100000000013000000142000002183089    4                       1         
G0793003000026716    2019013120190204826400000004300105320190121000941014259300100000000043000000142000002193089    4                       1         
G0793003000026716    2019013120190204826100000004300105320190121000602014230600100000000043000000142000002203089    4                       1         
G0793003000026716    2019013120190204826100000004300105320190121000530014224400100000000043000000142000002213089    4                       1         
G0793003000026716    2019013120190204826900000007950105320190121000685014238600100000000079500000142000002223089    4                       1         
G0793003000026716    2019013120190204826300000004300105320190121000413014213500100000000043000000142000002233089    4                       1         
G0793003000026716    2019013120190204826800000008000105320190114001620010367400100000000080000000142000002241829    4                       1         
G0793003000026716    2019013120190204826900000005250105320190204070294035726200100000000052500000142000002251829    4                       1         
G0793003000026716    2019013120190204826100000003850105320181107000135000013200100000000038500000142000002264481    4                       1         
G0793003000026716    2019013120190204826200000004300105320190121000031014179300100000000043000000142000002273089    4                       1         
G0793003000026716    2019013120190204826600000004050105320190204070945035774300100000000040500000142000002284065    4                       1         
G0793003000026716    2019013120190204826900000004650105320181220061234002449000100000000046500000142000002293738    4                       1         
G0793003000026716    2019013120190204826300000003850105320181107000403000039800100000000038500000142000002304481    4                       1         
G0793003000026716    2019013120190204826100000003850105320181206000305095542400100000000038500000142000002314481    4                       1         
G0793003000026716    2019013120190204826400000004200105320181213001525010241300100000000042000000142000002321829    4                       1         
G0793003000026716    2019013120190204826800000006550105320190115000525022046800100000000065500000142000002333738    4                       1         
G0793003000026716    2019013120190204826800000004050105320190204070307035727200100000000040500000142000002343458    4                       1         
G0793003000026716    2019013120190204826200000003850105320181206000135095526600100000000038500000142000002354481    4                       1         
G0793003000026716    2019013120190204826900000003850105320181107000890000088500100000000038500000142000002364481    4                       1         
G0793003000026716    2019013120190204826200000004200105320181121000680014064400100000000042000000142000002371829    4                       1         
G0793003000026716    2019013120190204826900000004200105320190201000010000530500100000000042000000142000002381141    4                       1         
G0793003000026716    2019013120190204826000000006650105320190103001619000480100100000000066500000142000002391141    4                       1         
G0793003000026716    2019013120190204826000000005400105320190201001969000675900100000000054000000142000002401141    4                       1         
G0793003000026716    2019013120190204826000000004450105320190201000343000555700100000000044500000142000002411141    4                       1         
G0793003000026716    2019013120190204826000000004350105320190201001574000647200100000000043500000142000002421141    4                       1         
G0793003000026716    2019013120190204826000000004200105320190201002141000687900100000000042000000142000002431141    4                       1         
G0793003000026716    2019013120190204826000000004200105320190201000133000539600100000000042000000142000002441141    4                       1         
G0793003000026716    2019013120190204826000000004200105320190103001737000488500100000000042000000142000002451141    4                       1         
G0793003000026716    2019013120190204826700000010850105320190201000674000582800100000000108500000142000002461141    4                       1         
G0793003000026716    2019013120190204826700000008600105320190201000620000579200100000000086000000142000002471141    4                       1         
G0793003000026716    2019013120190204826700000005500105320190103001921000502300100000000055000000142000002481141    4                       1         
G0793003000026716    2019013120190204826700000004300105320190201001636000652300100000000043000000142000002491141    4                       1         
G0793003000026716    2019013120190204826700000004300105320190103001870000498400100000000043000000142000002501141    4                       1         
G0793003000026716    2019013120190204826700000004200105320190201000753000589200100000000042000000142000002511141    4                       1         
G0793003000026716    2019013120190204826700000004200105320190103000707000414500100000000042000000142000002521141    4                       1         
G0793003000026716    2019013120190204826700000004200105320181203001576000308200100000000042000000142000002531141    4                       1         
G0793003000026716    2019013120190204826500000010100105320190201001523000644200100000000101000000142000002541141    4                       1         
G0793003000026716    2019013120190204826500000007850105320190201002060000682100100000000078500000142000002551141    4                       1         
G0793003000026716    2019013120190204826500000006700105320190103001773000491300100000000067000000142000002561141    4                       1         
G0793003000026716    2019013120190204826600000004800105320190201000721000586500100000000048000000142000002571141    4                       1         
G0793003000026716    2019013120190204826500000004300105320190201000949000604500100000000043000000142000002581141    4                       1         
G0793003000026716    2019013120190204826500000004300105320190201000476000566400100000000043000000142000002591141    4                       1         
G0793003000026716    2019013120190204826500000004300105320190201000388000559200100000000043000000142000002601141    4                       1         
G0793003000026716    2019013120190204826500000004200105320190201001128000617400100000000042000000142000002611141    4                       1         
G0793003000026716    2019013120190204826500000004200105320190201000489000567600100000000042000000142000002621141    4                       1         
G0793003000026716    2019013120190204826500000004200105320190201000297000551600100000000042000000142000002631141    4                       1         
G0793003000026716    2019013120190204826500000004200105320190201000156000541300100000000042000000142000002641141    4                       1         
G0793003000026716    2019013120190204826600000004300105320190103000987000435800100000000043000000142000002651141    4                       1         
G0793003000026716    2019013120190204826600000004200105320190201001232000625000100000000042000000142000002661141    4                       1         
G0793003000026716    2019013120190204826600000004200105320190201000267000549600100000000042000000142000002671141    4                       1         
G0793003000026716    2019013120190204826600000004200105320190201000209000544900100000000042000000142000002681141    4                       1         
G0793003000026716    2019013120190204826300000004200105320181203001856000330500100000000042000000142000002691141    4                       1         
G0793003000026716    2019013120190204826400000010850105320190201000300000551900100000000108500000142000002701141    4                       1         
G0793003000026716    2019013120190204826200000006550105320190103000941000432500100000000065500000142000002711141    4                       1         
G0793003000026716    2019013120190204826200000004300105320190201002014000679000100000000043000000142000002721141    4                       1         
G0793003000026716    2019013120190204826200000004200105320190201001238000625400100000000042000000142000002731141    4                       1         
G0793003000026716    2019013120190204826200000004200105320190201000291000551100100000000042000000142000002741141    4                       1         
G0793003000026716    2019013120190204826200000004200105320190103000640000409600100000000042000000142000002751141    4                       1         
G0793003000026716    2019013120190204826800000009850105320190103000123000368200100000000098500000142000002761141    4                       1         
G0793003000026716    2019013120190204826800000009350105320190201001216000623800100000000093500000142000002771141    4                       1         
G0793003000026716    2019013120190204826800000007850105320190103001029000438800100000000078500000142000002781141    4                       1         
G0793003000026716    2019013120190204826800000006100105320190201000222000545700100000000061000000142000002791141    4                       1         
G0793003000026716    2019013120190204826000000004150105320190103000347002520500100000000041500000142000002801116    4                       1         
G0793003000026716    2019013120190204826000000004150105320190103000347002520500100000000041500000142000002811116    4                       1         
G0793003000026716    2019013120190204826700000008350105320190204000301002567900100000000083500000142000002821116    4                       1         
G0793003000026716    2019013120190204826700000007800105320190204000813002598500100000000078000000142000002831116    4                       1         
G0793003000026716    2019013120190204826700000006450105320190204000023002551800100000000064500000142000002841116    4                       1         
G0793003000026716    2019013120190204826700000004150105320190103000494002528800100000000041500000142000002851116    4                       1         
G0793003000026716    2019013120190204826600000004150105320190204000094002555300100000000041500000142000002861116    4                       1         
G0793003000026716    2019013120190204826600000005300105320190204000157002559100100000000053000000142000002871116    4                       1         
G0793003000026716    2019013120190204826300000004150105320190204000610002584900100000000041500000142000002881116    4                       1         
G0793003000026716    2019013120190204826300000004150105320190204000572002582800100000000041500000142000002891116    4                       1         
G0793003000026716    2019013120190204826300000004150105320190204000040002552800100000000041500000142000002901116    4                       1         
G0793003000026716    2019013120190204826800000004150105320190204000279002566400100000000041500000142000002911116    4                       1         
G0793003000026716    2019013120190204826300000004150105320190103000329002519600100000000041500000142000002921116    4                       1         
G0793003000026716    2019013120190204826500000004150105320190204000618002585400100000000041500000142000002931116    4                       1         
G0793003000026716    2019013120190204826500000004150105320190204000507002578500100000000041500000142000002941116    4                       1         
G0793003000026716    2019013120190204826200000004150105320190204000204002561900100000000041500000142000002951116    4                       1         
G0793003000026716    2019013120190204826800000007800105320190204000146002558300100000000078000000142000002961116    4                       1         
G0793003000026716    2019013120190204826800000005950105320190204000692002589900100000000059500000142000002971116    4                       1         
G0793003000026716    2019013120190204826800000004150105320190204000497002578000100000000041500000142000002981116    4                       1         
G0793003000026716    2019013120190204826800000004150105320190204000314002568600100000000041500000142000002991116    4                       1         
G0793003000026716    2019013120190204826400000004150105320190204000284002566700100000000041500000142000003001116    4                       1         
G0793003000026716    2019013120190204826400000004150105320190103000779002547600100000000041500000142000003011116    4                       1         
G0793003000026716    2019013120190204826100000004150105320190204000787002596200100000000041500000142000003021116    4                       1         
G0793003000026716    2019013120190204826300000004300105320190121000856014252800100000000043000000142000003033089    4                       1         
G0793003000026716    2019013120190204826800000001300105320190121000627014233000100000000013000000142000003043089    4                       1         
G0793003000026716    2019013120190204826000000004400105320190121000246014198700100000000044000000142000003053089    4                       1         
G0793003000026716    2019013120190204826700000004400105320190121000344014207400100000000044000000142000003063089    4                       1         
G0793003000026716    2019013120190204826000000001500105320190121000653014235500100000000015000000142000003073089    4                       1         
G0793003000026716    2019013120190204826500000004400105320190121000694014239400100000000044000000142000003083089    4                       1         
G0793003000026716    2019013120190204826200000004300105320190121000196014194400100000000043000000142000003093089    4                       1         
G0793003000026716    2019013120190204826500000004350105320190121000296014203100100000000043500000142000003103089    4                       1         
G0793003000026716    2019013120190204826500000004200105320190121000743014243700100000000042000000142000003113089    4                       1         
G0793003000026716    2019013120190204826600000004200105320190121000068014261400100000000042000000142000003123089    4                       1         
G0793003000026716    2019013120190204826500000001450105320190121000533014224700100000000014500000142000003133089    4                       1         
G0793003000026716    2019013120190204826300000001450105320190121000017014177900100000000014500000142000003143089    4                       1         
G0793003000026716    2019013120190204826200000007000105320190121000322014205400100000000070000000142000003153089    4                       1         
G0793003000026716    2019013120190204826200000004300105320190121000935014258800100000000043000000142000003163089    4                       1         
G0793003000026716    2019013120190204826200000004300105320190121000710014240900100000000043000000142000003173089    4                       1         
G0793003000026716    2019013120190204826800000007850105320190121000878014254500100000000078500000142000003183089    4                       1         
G0793003000026716    2019013120190204826800000007300105320190121000258014199700100000000073000000142000003193089    4                       1         
G0793003000026716    2019013120190204826800000006100105320190121000182014193300100000000061000000142000003203089    4                       1         
G0793003000026716    2019013120190204826800000004450105320190121000683014238400100000000044500000142000003213089    4                       1         
Z00032300000000001553984                                                                                                                              
