A2201053              HIDROFORTETOCANTINS 104CAIXA ECON. FEDERAL 2019031300156903                                                                     
G0793003000026716    2019031220190313826200000010841105300100000071513081882200000000000108410000142000000013089    2                       1         
G0793003000026716    2019031220190313826500000009849105300100000071462081877600000000000098490000142000000020007    3                       1         
G0793003000026716    2019031220190313826800000004150105320190204000413002573300100000000041500000142000000031394    3                       1         
G0793003000026716    2019031220190314826700000010603105300100000071475081878900000000000106030000142000000044065    4                       1         
G0793003000026716    2019031220190314826000000003850105300100000060302002577600000000000038500000142000000053738    4                       1         
G0793003000026716    2019031220190314826400000001250105300100000070494080568600000000000012500000142000000063939    4                       1         
G0793003000026716    2019031220190314826200000004120105300100000070250081762600000000000041200000142000000073939    4                       1         
G0793003000026716    2019031220190314826200000001330105300100000071355081868000000000000013300000142000000083939    4                       1         
G0793003000026716    2019031220190314826200000001322105300100000071019081835400000000000013220000142000000093939    4                       1         
G0793003000026716    2019031220190314826100000010677105300100000070686081804100000000000106770000142000000103939    4                       1         
G0793003000026716    2019031220190314826100000003800105300100000060940002633600000000000038000000142000000113738    4                       1         
G0793003000026716    2019031220190314826100000001100105300100000060786002619900000000000011000000142000000123738    4                       1         
G0793003000026716    2019031220190314826300000009300105300100000061239002659000000000000093000000142000000133738    4                       1         
G0793003000026716    2019031220190314826800000007385105300100000071650081894700000000000073850000142000000143939    4                       1         
G0793003000026716    2019031220190314826400000003700105300100000071921081747400000000000037000000142000000153939    4                       1         
G0793003000026716    2019031220190314826900000007175105300100000071662081895600000000000071750000142000000163939    4                       1         
G0793003000026716    2019031220190314826500000004216105300100000071835081912300000000000042160000142000000173939    4                       1         
G0793003000026716    2019031220190314826500000004208105300100000071856081914400000000000042080000142000000183939    4                       1         
G0793003000026716    2019031220190314826500000004200105300100000071794081734900000000000042000000142000000193939    4                       1         
G0793003000026716    2019031220190314826500000001403105300100000071358081868300000000000014030000142000000203939    4                       1         
G0793003000026716    2019031220190314826600000003200105300100000005652006339700000000000032000000142000000213863    4                       1         
G0793003000026716    2019031220190314826100000004796105300100000071035081836900000000000047960000142000000223459    4                       1         
G0793003000026716    2019031220190314826900000004262105300100000070266081764200000000000042620000142000000234065    4                       1         
G0793003000026716    2019031220190314826700000004850105300100000002690006733400000000000048500000142000000243863    4                       1         
G0793003000026716    2019031220190314826400000010453105300100000070995081833000000000000104530000142000000253939    4                       1         
G0793003000026716    2019031220190314826300000004247105300100000071794081908300000000000042470000142000000263939    4                       1         
G0793003000026716    2019031220190314826300000004200105300100000071039081663500000000000042000000142000000273939    4                       1         
G0793003000026716    2019031220190314826300000004174105300100000070759081811200000000000041740000142000000283939    4                       1         
G0793003000026716    2019031220190314826200000005962105300100000071849081913700000000000059620000142000000293939    4                       1         
G0793003000026716    2019031220190314826800000004229105300100000070689081804400000000000042290000142000000303939    4                       1         
G0793003000026716    2019031220190314826800000004227105300100000070270081764600000000000042270000142000000313939    4                       1         
G0793003000026716    2019031220190314826800000004209105300100000071773081906200000000000042090000142000000323939    4                       1         
G0793003000026716    2019031220190314826800000004178105300100000071524081883000000000000041780000142000000333939    4                       1         
G0793003000026716    2019031220190314826800000004163105300100000071142081847200000000000041630000142000000343939    4                       1         
G0793003000026716    2019031220190314826900000004254105300100000071229081855400000000000042540000142000000353939    4                       1         
G0793003000026716    2019031220190314826900000004250105300100000071887081744000000000000042500000142000000363939    4                       1         
G0793003000026716    2019031220190314826100000004710105300100000071260081858500000000000047100000142000000373939    4                       1         
G0793003000026716    2019031220190314826100000004650105300100000071903081745600000000000046500000142000000383939    4                       1         
G0793003000026716    2019031220190314826800000001386105300100000070900081824100000000000013860000142000000393939    4                       1         
G0793003000026716    2019031220190314826000000004254105300100000071887081917300000000000042540000142000000403939    4                       1         
G0793003000026716    2019031220190314826100000004305105300100000071237081856200000000000043050000142000000413939    4                       1         
G0793003000026716    2019031220190314826100000004206105300100000071327081865200000000000042060000142000000423939    4                       1         
G0793003000026716    2019031220190314826200000003200105300100000005652006411000000000000032000000142000000433863    4                       1         
G0793003000026716    2019031220190314826100000004204105300100000070868081821300000000000042040000142000000443939    4                       1         
G0793003000026716    2019031220190314826400000004154105300100000071376081869900000000000041540000142000000453939    4                       1         
G0793003000026716    2019031220190314826700000003652105300100000070527081788600000000000036520000142000000463939    4                       1         
G0793003000026716    2019031220190314826700000001343105300100000070955081829200000000000013430000142000000473939    4                       1         
G0793003000026716    2019031220190314826600000004214105300100000071823081911100000000000042140000142000000483939    4                       1         
G0793003000026716    2019031220190314826600000001327105300100000071194081852200000000000013270000142000000493939    4                       1         
G0793003000026716    2019031220190314826900000004100105300100000071241081682800000000000041000000142000000503939    4                       1         
G0793003000026716    2019031220190314826900000001396105300100000071296081862100000000000013960000142000000513939    4                       1         
G0793003000026716    2019031220190314826400000004127105300100000071259081858400000000000041270000142000000523939    4                       1         
G0793003000026716    2019031220190314826700000004121105300100000071283081860800000000000041210000142000000533939    4                       1         
G0793003000026716    2019031220190314826400000004100105300100000071675081756400000000000041000000142000000543939    4                       1         
G0793003000026716    2019031220190314826900000001325105300100000070862081820700000000000013250000142000000553939    4                       1         
G0793003000026716    2019031220190314826600000004722105300100000070038081758300000000000047220000142000000563939    4                       1         
G0793003000026716    2019031220190314826400000004247105300100000071039081837300000000000042470000142000000573939    4                       1         
G0793003000026716    2019031220190314826700000006436105300100000070437081780300000000000064360000142000000583939    4                       1         
G0793003000026716    2019031220190314826100000001349105300100000070962081829700000000000013490000142000000593939    4                       1         
G0793003000026716    2019031220190314826600000004258105300100000070624081798000000000000042580000142000000603939    4                       1         
G0793003000026716    2019031220190314826100000001300105300100000071739081729600000000000013000000142000000613939    4                       1         
G0793003000026716    2019031220190314826100000001250105300100000070282081929200000000000012500000142000000623939    4                       1         
G0793003000026716    2019031220190314826000000008804105300100000070486081784900000000000088040000142000000633939    4                       1         
G0793003000026716    2019031220190314826000000005876105300100000071143081847300000000000058760000142000000643939    4                       1         
G0793003000026716    2019031220190314826000000005370105300100000071278081860300000000000053700000142000000653939    4                       1         
G0793003000026716    2019031220190314826000000004791105300100000070390081775900000000000047910000142000000663939    4                       1         
G0793003000026716    2019031220190314826200000004689105300100000071817081910500000000000046890000142000000673939    4                       1         
G0793003000026716    2019031220190314826000000004214105300100000070474081783800000000000042140000142000000683939    4                       1         
G0793003000026716    2019031220190314826000000003582105300100000070494080392200000000000035820000142000000693939    4                       1         
G0793003000026716    2019031220190314826000000002034105300100000070310081768300000000000020340000142000000703939    4                       1         
G0793003000026716    2019031220190314826000000001541105300100000071460081877400000000000015410000142000000713939    4                       1         
G0793003000026716    2019031220190314826000000001386105300100000071766081905600000000000013860000142000000723939    4                       1         
G0793003000026716    2019031220190314826000000001304105300100000071008081834300000000000013040000142000000733939    4                       1         
G0793003000026716    2019031220190314826000000001250105300100000071460081703900000000000012500000142000000743939    4                       1         
G0793003000026716    2019031220190314826400000001357105300100000070823081817200000000000013570000142000000753939    4                       1         
G0793003000026716    2019031220190314826400000007850105300100000071536081710800000000000078500000142000000763939    4                       1         
G0793003000026716    2019031220190314826300000005300105300100000061285002662300000000000053000000142000000773738    4                       1         
G0793003000026716    2019031220190314826700000001300105300100000070282081591700000000000013000000142000000783939    4                       1         
G0793003000026716    2019031220190314826900000004149105300100000071605081890400000000000041490000142000000793939    4                       1         
G0793003000026716    2019031220190314826900000004125105300100000070584081794000000000000041250000142000000803939    4                       1         
G0793003000026716    2019031220190314826600000016850105300100000071662081722400000000000168500000142000000813939    4                       1         
G0793003000026716    2019031220190314826600000001300105300100000071867081915300000000000013000000142000000823939    4                       1         
G0793003000026716    2019031220190314826500000005309105300100000071382081870400000000000053090000142000000833939    4                       1         
G0793003000026716    2019031220190314826800000003100105320180806005825006414800100000000031000000142000000840793    4                       1         
G0793003000026716    2019031220190314826800000003850105320181206000671095578200100000000038500000142000000854481    4                       1         
G0793003000026716    2019031220190314826800000003850105320181107000662000065700100000000038500000142000000864481    4                       1         
G0793003000026716    2019031220190314826100000005735105320190315000045022147500100000000057350000142000000873738    4                       1         
G0793003000026716    2019031220190314826700000004229105320190304070032035786000100000000042290000142000000881829    4                       1         
G0793003000026716    2019031220190314826700000004410105320190306005200006897300100000000044100000142000000890793    4                       1         
G0793003000026716    2019031220190314826600000003100105320190306005090006896400100000000031000000142000000900793    4                       1         
G0793003000026716    2019031220190314826200000003882105320190304060326002683700100000000038820000142000000913738    4                       1         
G0793003000026716    2019031220190314826800000004290105320190314000413010530900100000000042900000142000000921829    4                       1         
G0793003000026716    2019031220190314826800000004290105320190314000156010513500100000000042900000142000000931829    4                       1         
G0793003000026716    2019031220190314826800000004290105320190314000109010510100100000000042900000142000000941829    4                       1         
G0793003000026716    2019031220190314826800000004290105320190314000075010507800100000000042900000142000000951829    4                       1         
G0793003000026716    2019031220190314826700000003853105320190304060520002700400100000000038530000142000000963738    4                       1         
G0793003000026716    2019031220190314826600000005475105320190304060863002730500100000000054750000142000000973738    4                       1         
G0793003000026716    2019031220190314826700000004023105320190304060424002691900100000000040230000142000000983738    4                       1         
G0793003000026716    2019031220190314826400000006832105320190304061209002760600100000000068320000142000000993738    4                       1         
G0793003000026716    2019031220190314826300000004057105320190306005370006899000100000000040570000142000001000793    4                       1         
G0793003000026716    2019031220190314826200000004097105320190304070870035844900100000000040970000142000001013738    4                       1         
G0793003000026716    2019031220190314826300000005392105320190225000071024006700100000000053920000142000001021737    4                       1         
G0793003000026716    2019031220190314826700000004230105320190225000570024055300100000000042300000142000001031737    4                       1         
G0793003000026716    2019031220190314826700000004230105320190225000340024033100100000000042300000142000001041737    4                       1         
G0793003000026716    2019031220190314826800000010850105320190225000148024014200100000000108500000142000001051737    4                       1         
G0793003000026716    2019031220190314826500000004230105320190225000293024028400100000000042300000142000001061737    4                       1         
G0793003000026716    2019031220190314826300000004230105320190225000166024015900100000000042300000142000001071737    4                       1         
G0793003000026716    2019031220190314826300000004230105320190225000141024013500100000000042300000142000001081737    4                       1         
G0793003000026716    2019031220190314826600000005392105320190304061032002745400100000000053920000142000001093738    4                       1         
G0793003000026716    2019031220190314826200000009364105320190225000162024015500100000000093640000142000001101737    4                       1         
G0793003000026716    2019031220190314826900000004230105320190225000460024044500100000000042300000142000001111737    4                       1         
G0793003000026716    2019031220190314826100000004230105320190225000333024032400100000000042300000142000001121737    4                       1         
G0793003000026716    2019031220190314826100000008460105320190225000149024014300100000000084600000142000001131737    4                       1         
G0793003000026716    2019031220190314826600000004995105320190304060308002682300100000000049950000142000001143738    4                       1         
G0793003000026716    2019031220190314826000000004230105320190306000096028005100100000000042300000142000001154481    4                       1         
G0793003000026716    2019031220190314826900000028778105320190306000458028027300100000000287780000142000001164481    4                       1         
G0793003000026716    2019031220190314826300000004250105320190204000224002563500100000000042500000142000001171116    4                       1         
G0793003000026716    2019031220190314826700000004150105320190204000481002577000100000000041500000142000001181116    4                       1         
G0793003000026716    2019031220190314826600000024650105320190204000436002574600100000000246500000142000001191116    4                       1         
G0793003000026716    2019031220190314826400000004816105320190304000696002636400100000000048160000142000001201116    4                       1         
G0793003000026716    2019031220190314826600000004270105320190304000168002607900100000000042700000142000001211116    4                       1         
G0793003000026716    2019031220190314826600000004250105320190204000696002590200100000000042500000142000001221116    4                       1         
G0793003000026716    2019031220190314826600000004250105320190204000530002579900100000000042500000142000001231116    4                       1         
G0793003000026716    2019031220190314826600000004150105320190204000343002569900100000000041500000142000001241116    4                       1         
G0793003000026716    2019031220190314826400000004258105320190304000530002626700100000000042580000142000001251116    4                       1         
G0793003000026716    2019031220190314826700000010700105320190204000431002574300100000000107000000142000001261116    4                       1         
G0793003000026716    2019031220190314826400000004150105320190204000706002590700100000000041500000142000001271116    4                       1         
G0793003000026716    2019031220190314826400000004150105320190204000482002577100100000000041500000142000001281116    4                       1         
G0793003000026716    2019031220190314826800000010000105320190204000720002591500100000000100000000142000001291116    4                       1         
G0793003000026716    2019031220190314826800000004332105320190304000793002642600100000000043320000142000001301116    4                       1         
G0793003000026716    2019031220190314826900000007050105320190204000751002593700100000000070500000142000001311116    4                       1         
G0793003000026716    2019031220190314826500000004150105320190204000393002572200100000000041500000142000001321116    4                       1         
G0793003000026716    2019031220190314826300000004150105320190204000142002557900100000000041500000142000001331116    4                       1         
G0793003000026716    2019031220190314826300000004150105320190204000108002556100100000000041500000142000001341116    4                       1         
G0793003000026716    2019031220190314826300000004150105320190204000033002552300100000000041500000142000001351116    4                       1         
G0793003000026716    2019031220190314826800000004270105320190304000672002635100100000000042700000142000001361116    4                       1         
G0793003000026716    2019031220190314826800000004150105320190204000791002596500100000000041500000142000001371116    4                       1         
G0793003000026716    2019031220190314826800000004150105320190204000686002589400100000000041500000142000001381116    4                       1         
G0793003000026716    2019031220190314826800000004150105320190204000282002566600100000000041500000142000001391116    4                       1         
G0793003000026716    2019031220190314826800000004150105320190204000050002553400100000000041500000142000001401116    4                       1         
G0793003000026716    2019031220190314826100000004488105320190304000522002626000100000000044880000142000001411116    4                       1         
G0793003000026716    2019031220190314826000000011010105320190304000752002639900100000000110100000142000001421116    4                       1         
G0793003000026716    2019031220190314826000000008500105320190204000551002581200100000000085000000142000001431116    4                       1         
G0793003000026716    2019031220190314826000000006450105320190204000349002570400100000000064500000142000001441116    4                       1         
G0793003000026716    2019031220190314826000000006069105320190304000370002618300100000000060690000142000001451116    4                       1         
G0793003000026716    2019031220190314826000000004370105320190304000297002614900100000000043700000142000001461116    4                       1         
G0793003000026716    2019031220190314826200000004456105320190304000567002629000100000000044560000142000001471116    4                       1         
G0793003000026716    2019031220190314826000000004150105320190204000702002590600100000000041500000142000001481116    4                       1         
G0793003000026716    2019031220190314826200000004150105320190204000652002587300100000000041500000142000001491116    4                       1         
G0793003000026716    2019031220190314826100000009250105320190204000701002590500100000000092500000142000001501116    4                       1         
G0793003000026716    2019031220190314826300000004258105320190304000802002643300100000000042580000142000001511116    4                       1         
G0793003000026716    2019031220190314826300000005392105320190306000337045028300100000000053920000142000001521829    4                       1         
G0793003000026716    2019031220190314826900000004811105320190306000512045043200100000000048110000142000001531829    4                       1         
G0793003000026716    2019031220190314826800000001300105320190306000424045035300100000000013000000142000001541829    4                       1         
G0793003000026716    2019031220190314826900000004230105320190306000420045034900100000000042300000142000001551829    4                       1         
G0793003000026716    2019031220190314826900000004230105320190306000507045042700100000000042300000142000001561829    4                       1         
G0793003000026716    2019031220190314826800000004200105320190214000166010393200100000000042000000142000001571829    4                       1         
G0793003000026716    2019031220190314826300000004800105320190205002190006799400100000000048000000142000001583863    4                       1         
G0793003000026716    2019031220190314826800000004260105320190215000454018097600100000000042600000142000001591141    4                       1         
G0793003000026716    2019031220190314826800000004230105320190315000451018155500100000000042300000142000001601141    4                       1         
G0793003000026716    2019031220190314826600000004230105320190315000132018131900100000000042300000142000001611141    4                       1         
G0793003000026716    2019031220190314826400000004230105320190315000108018130100100000000042300000142000001621141    4                       1         
G0793003000026716    2019031220190314826800000006584105320190215000718018120000100000000065840000142000001631141    4                       1         
G0793003000026716    2019031220190314826600000004230105320190315000016018122500100000000042300000142000001641141    4                       1         
G0793003000026716    2019031220190314826300000003143105320190306004670006892700100000000031430000142000001653863    4                       1         
G0793003000026716    2019031220190314826300000003143105320190306000390006854400100000000031430000142000001663863    4                       1         
G0793003000026716    2019031220190314826800000004230105320190315000211018137700100000000042300000142000001671141    4                       1         
G0793003000026716    2019031220190314826700000005392105320190315000540018162800100000000053920000142000001681141    4                       1         
G0793003000026716    2019031220190314826200000013738105320190306003810006884900100000000137380000142000001693863    4                       1         
G0793003000026716    2019031220190314826200000007350105320190205003810006814700100000000073500000142000001703863    4                       1         
G0793003000026716    2019031220190314826200000005700105320190205005631006838000100000000057000000142000001713863    4                       1         
G0793003000026716    2019031220190314826100000004755105320190306000140006852100100000000047550000142000001723863    4                       1         
G0793003000026716    2019031220190314826100000004700105320190205004200006818100100000000047000000142000001733863    4                       1         
G0793003000026716    2019031220190314826800000003287105320190306003761006884400100000000032870000142000001743863    4                       1         
G0793003000026716    2019031220190314826100000003292105320190306000200006852500100000000032920000142000001753863    4                       1         
G0793003000026716    2019031220190314826000000009200105320190205001230006790900100000000092000000142000001763863    4                       1         
G0793003000026716    2019031220190314826000000004418105320190306003700006884000100000000044180000142000001773863    4                       1         
G0793003000026716    2019031220190314826200000004788105320190306004330006889500100000000047880000142000001783863    4                       1         
G0793003000026716    2019031220190314826300000006140105320190306000360006854000100000000061400000142000001793863    4                       1         
G0793003000026716    2019031220190314826200000003200105320190306005795006912900100000000032000000142000001803863    4                       1         
G0793003000026716    2019031220190314826200000004200105320190315000395018179200100000000042000000142000001811141    4                       1         
G0793003000026716    2019031220190314826500000004230105320190215000310018086000100000000042300000142000001821141    4                       1         
G0793003000026716    2019031220190314826900000004230105320190215000428018095200100000000042300000142000001831141    4                       1         
G0793003000026716    2019031220190314826500000004230105320190315000101018129500100000000042300000142000001841141    4                       1         
G0793003000026716    2019031220190314826200000003200105320190205005522006830000100000000032000000142000001853863    4                       1         
G0793003000026716    2019031220190314826600000004421105320190315000385018150400100000000044210000142000001861141    4                       1         
G0793003000026716    2019031220190314826300000004358105320190215000575018108100100000000043580000142000001871141    4                       1         
G0793003000026716    2019031220190314826800000004260105320190215000688018117800100000000042600000142000001881141    4                       1         
G0793003000026716    2019031220190314826300000004230105320190315000143018132400100000000042300000142000001891141    4                       1         
G0793003000026716    2019031220190314826600000004320105320190315000120018131200100000000043200000142000001901141    4                       1         
G0793003000026716    2019031220190314826600000004230105320190315000013018122200100000000042300000142000001911141    4                       1         
G0793003000026716    2019031220190314826800000006683105320190315000682018174300100000000066830000142000001921141    4                       1         
G0793003000026716    2019031220190314826900000010871105320190215000250018081200100000000108710000142000001931141    4                       1         
G0793003000026716    2019031220190314826700000004230105320190315000208018137500100000000042300000142000001941141    4                       1         
G0793003000026716    2019031220190314826500000004230105320190315000521018161100100000000042300000142000001951141    4                       1         
G0793003000026716    2019031220190314826500000004230105320190315000123018131500100000000042300000142000001961141    4                       1         
G0793003000026716    2019031220190314826400000004230105320190315000681018174200100000000042300000142000001971141    4                       1         
G0793003000026716    2019031220190314826400000004230105320190315000099018129300100000000042300000142000001981141    4                       1         
G0793003000026716    2019031220190314826900000004402105320190314001625010609500100000000044020000142000001991829    4                       1         
G0793003000026716    2019031220190314826900000004300105320190214000692010429600100000000043000000142000002001829    4                       1         
G0793003000026716    2019031220190314826800000006155105320190301000288000718000100000000061550000142000002011141    4                       1         
G0793003000026716    2019031220190314826800000005600105320190201001229000624800100000000056000000142000002021141    4                       1         
G0793003000026716    2019031220190314826800000004986105320190301000892000765000100000000049860000142000002031141    4                       1         
G0793003000026716    2019031220190314826900000004290105320190314001106010576600100000000042900000142000002041829    4                       1         
G0793003000026716    2019031220190314826900000004290105320190314000044010505300100000000042900000142000002051829    4                       1         
G0793003000026716    2019031220190314826800000004923105320190301000813000759000100000000049230000142000002061141    4                       1         
G0793003000026716    2019031220190314826800000004437105320190301000147000707900100000000044370000142000002071141    4                       1         
G0793003000026716    2019031220190314826800000004411105320190301000311000720100100000000044110000142000002081141    4                       1         
G0793003000026716    2019031220190314826800000004393105320190301001484000805500100000000043930000142000002091141    4                       1         
G0793003000026716    2019031220190314826800000004350105320190301000340000722400100000000043500000142000002101141    4                       1         
G0793003000026716    2019031220190314826800000004350105320190201001736000658800100000000043500000142000002111141    4                       1         
G0793003000026716    2019031220190314826800000004292105320190301001657000817000100000000042920000142000002121141    4                       1         
G0793003000026716    2019031220190314826500000004555105320190301000635000745500100000000045550000142000002131141    4                       1         
G0793003000026716    2019031220190314826500000004451105320190301001941000836600100000000044510000142000002141141    4                       1         
G0793003000026716    2019031220190314826500000004374105320190301000586000742100100000000043740000142000002151141    4                       1         
G0793003000026716    2019031220190314826500000004354105320190301000644000746100100000000043540000142000002161141    4                       1         
G0793003000026716    2019031220190314826900000005652105320190301001651000816800100000000056520000142000002171141    4                       1         
G0793003000026716    2019031220190314826900000005600105320190201001678000654700100000000056000000142000002181141    4                       1         
G0793003000026716    2019031220190314826900000005300105320190201002029000680000100000000053000000142000002191141    4                       1         
G0793003000026716    2019031220190314826900000005007105320190301001456000803500100000000050070000142000002201141    4                       1         
G0793003000026716    2019031220190314826500000004350105320190201001593000648700100000000043500000142000002211141    4                       1         
G0793003000026716    2019031220190314826400000019826105320190301001882000832700100000000198260000142000002221141    4                       1         
G0793003000026716    2019031220190314826400000010864105320190215000252018081300100000000108640000142000002231141    4                       1         
G0793003000026716    2019031220190314826400000009364105320190315000252018140500100000000093640000142000002241141    4                       1         
G0793003000026716    2019031220190314826300000001376105320190301001945000836900100000000013760000142000002251141    4                       1         
G0793003000026716    2019031220190314826200000009550105320190201001137000618200100000000095500000142000002261141    4                       1         
G0793003000026716    2019031220190314826200000008822105320190301001250000790400100000000088220000142000002271141    4                       1         
G0793003000026716    2019031220190314826200000007850105320190201001891000669900100000000078500000142000002281141    4                       1         
G0793003000026716    2019031220190314826200000006722105320190301001827000829100100000000067220000142000002291141    4                       1         
G0793003000026716    2019031220190314826200000006150105320190201001688000655500100000000061500000142000002301141    4                       1         
G0793003000026716    2019031220190314826200000005712105320190301000547000738800100000000057120000142000002311141    4                       1         
G0793003000026716    2019031220190314826200000005633105320190301000942000768800100000000056330000142000002321141    4                       1         
G0793003000026716    2019031220190314826200000005300105320190201001740000659200100000000053000000142000002331141    4                       1         
G0793003000026716    2019031220190314826800000004290105320190301000408000727700100000000042900000142000002341141    4                       1         
G0793003000026716    2019031220190314826800000004200105320190103000161000371000100000000042000000142000002351141    4                       1         
G0793003000026716    2019031220190314826900000004300105320190301000323000721000100000000043000000142000002361141    4                       1         
G0793003000026716    2019031220190314826900000004300105320190201000525000570900100000000043000000142000002371141    4                       1         
G0793003000026716    2019031220190314826900000004279105320190301001317000794700100000000042790000142000002381141    4                       1         
G0793003000026716    2019031220190314826900000004276105320190301000437000730100100000000042760000142000002391141    4                       1         
G0793003000026716    2019031220190314826900000004266105320190301000295000718500100000000042660000142000002401141    4                       1         
G0793003000026716    2019031220190314826100000006750105320190201001031000610200100000000067500000142000002411141    4                       1         
G0793003000026716    2019031220190314826100000006750105320190201000879000599300100000000067500000142000002421141    4                       1         
G0793003000026716    2019031220190314826100000004389105320190301000411000727900100000000043890000142000002431141    4                       1         
G0793003000026716    2019031220190314826100000004379105320190301000310000720000100000000043790000142000002441141    4                       1         
G0793003000026716    2019031220190314826900000004200105320190214000982010500700100000000042000000142000002451829    4                       1         
G0793003000026716    2019031220190314826800000004230105320190315000097018129200100000000042300000142000002461141    4                       1         
G0793003000026716    2019031220190314826900000004450105320190315000265018141300100000000044500000142000002471141    4                       1         
G0793003000026716    2019031220190314826900000004319105320190315000367018148800100000000043190000142000002481141    4                       1         
G0793003000026716    2019031220190314826900000004260105320190215000208018078200100000000042600000142000002491141    4                       1         
G0793003000026716    2019031220190314826900000004230105320190315000275018142000100000000042300000142000002501141    4                       1         
G0793003000026716    2019031220190314826900000004230105320190315000008018121900100000000042300000142000002511141    4                       1         
G0793003000026716    2019031220190314826000000004230105320190315000217018138300100000000042300000142000002521141    4                       1         
G0793003000026716    2019031220190314826100000004323105320190315000183018135300100000000043230000142000002531141    4                       1         
G0793003000026716    2019031220190314826100000004260105320190215000669018116400100000000042600000142000002541141    4                       1         
G0793003000026716    2019031220190314826100000004230105320190315000630018170600100000000042300000142000002551141    4                       1         
G0793003000026716    2019031220190314826100000004230105320190315000448018155200100000000042300000142000002561141    4                       1         
G0793003000026716    2019031220190314826100000004230105320190315000233018139200100000000042300000142000002571141    4                       1         
G0793003000026716    2019031220190314826900000012632105320190315000585018166600100000000126320000142000002581141    4                       1         
G0793003000026716    2019031220190314826200000004457105320190315000404018151700100000000044570000142000002591141    4                       1         
G0793003000026716    2019031220190314826200000004230105320190315000648018172000100000000042300000142000002601141    4                       1         
G0793003000026716    2019031220190314826600000004230105320190306000415028024800100000000042300000142000002614481    4                       1         
G0793003000026716    2019031220190314826400000004230105320190306000689028046100100000000042300000142000002624481    4                       1         
G0793003000026716    2019031220190314826400000004230105320190306000316028018800100000000042300000142000002634481    4                       1         
G0793003000026716    2019031220190314826700000008621105320190306000084028004400100000000086210000142000002644481    4                       1         
G0793003000026716    2019031220190314826700000004230105320190306000860028060500100000000042300000142000002654481    4                       1         
G0793003000026716    2019031220190314826700000004230105320190306000342028020400100000000042300000142000002664481    4                       1         
G0793003000026716    2019031220190314826700000004230105320190306000276028016200100000000042300000142000002674481    4                       1         
G0793003000026716    2019031220190314826100000006490105320190314001343010591400100000000064900000142000002681829    4                       1         
G0793003000026716    2019031220190314826100000004900105320190214000484010414200100000000049000000142000002691829    4                       1         
G0793003000026716    2019031220190314826000000004350105320190214000722010432000100000000043500000142000002701829    4                       1         
G0793003000026716    2019031220190314826000000004350105320190214000351010406000100000000043500000142000002711829    4                       1         
G0793003000026716    2019031220190314826000000004295105320190314000270010521700100000000042950000142000002721829    4                       1         
G0793003000026716    2019031220190314826000000004290105320190314000430010532200100000000042900000142000002731829    4                       1         
G0793003000026716    2019031220190314826000000004276105320190314001032010573100100000000042760000142000002741829    4                       1         
G0793003000026716    2019031220190314826700000006036105320190314000917010566100100000000060360000142000002751829    4                       1         
G0793003000026716    2019031220190314826700000005362105320190314000091010508800100000000053620000142000002761829    4                       1         
G0793003000026716    2019031220190314826700000004890105320190314000732010553000100000000048900000142000002771829    4                       1         
G0793003000026716    2019031220190314826700000004350105320190214001049010454000100000000043500000142000002781829    4                       1         
G0793003000026716    2019031220190314826700000004290105320190314001110010576900100000000042900000142000002791829    4                       1         
G0793003000026716    2019031220190314826700000004260105320190314000492010535700100000000042600000142000002801829    4                       1         
G0793003000026716    2019031220190314826800000011741105320190314001088010575800100000000117410000142000002811829    4                       1         
G0793003000026716    2019031220190314826800000004350105320190214000995010450900100000000043500000142000002821829    4                       1         
G0793003000026716    2019031220190314826400000001390105320190314001146010579100100000000013900000142000002831829    4                       1         
G0793003000026716    2019031220190314826900000012250105320190214001520010483700100000000122500000142000002841829    4                       1         
G0793003000026716    2019031220190314826500000004490105320190314000023010504200100000000044900000142000002851829    4                       1         
G0793003000026716    2019031220190314826500000004390105320190314000720010552100100000000043900000142000002861829    4                       1         
G0793003000026716    2019031220190314826500000004390105320190314000316010524800100000000043900000142000002871829    4                       1         
G0793003000026716    2019031220190314826900000006850105320190214001265010467000100000000068500000142000002881829    4                       1         
G0793003000026716    2019031220190314826500000004290105320190314001311010589600100000000042900000142000002891829    4                       1         
G0793003000026716    2019031220190314826400000009150105320190214001479010481000100000000091500000142000002901829    4                       1         
G0793003000026716    2019031220190314826900000005000105320190214001227010464500100000000050000000142000002911829    4                       1         
G0793003000026716    2019031220190314826400000004230105320190306000301028017700100000000042300000142000002924481    4                       1         
G0793003000026716    2019031220190314826900000004230105320190306000550028034800100000000042300000142000002934481    4                       1         
G0793003000026716    2019031220190314826900000005392105320190306000238028014100100000000053920000142000002944481    4                       1         
G0793003000026716    2019031220190314826500000004230105320190306000763028052500100000000042300000142000002954481    4                       1         
G0793003000026716    2019031220190314826500000004230105320190306000734028049600100000000042300000142000002964481    4                       1         
G0793003000026716    2019031220190314826500000004230105320190306000587028037700100000000042300000142000002974481    4                       1         
G0793003000026716    2019031220190314826300000004230105320190306001032028073500100000000042300000142000002984481    4                       1         
G0793003000026716    2019031220190314826200000007878105320190306000236028014000100000000078780000142000002994481    4                       1         
G0793003000026716    2019031220190314826800000004230105320190306000614028039800100000000042300000142000003004481    4                       1         
G0793003000026716    2019031220190314826900000004230105320190306001027028073100100000000042300000142000003014481    4                       1         
G0793003000026716    2019031220190314826900000004230105320190306000330028019600100000000042300000142000003024481    4                       1         
G0793003000026716    2019031220190314826600000003200105320190306005700006911000100000000032000000142000003033863    4                       1         
G0793003000026716    2019031220190314826900000005500105320190205005675006840400100000000055000000142000003043863    4                       1         
G0793003000026716    2019031220190314826900000005450105320190306005915006914800100000000054500000142000003053863    4                       1         
G0793003000026716    2019031220190314826100000008926105320190304070795035839800100000000089260000142000003061829    4                       1         
G0793003000026716    2019031220190314826200000004234105320190304070885035845700100000000042340000142000003071829    4                       1         
G0793003000026716    2019031220190314826000000008379105320190304070707035833600100000000083790000142000003081829    4                       1         
G0793003000026716    2019031220190314826100000004281105320190304071030035856300100000000042810000142000003091829    4                       1         
G0793003000026716    2019031220190314826100000004303105320190304070522035820000100000000043030000142000003101829    4                       1         
G0793003000026716    2019031220190314826100000001939105320190304070302035804200100000000019390000142000003111829    4                       1         
G0793003000026716    2019031220190314826100000001310105320190304070017035785100100000000013100000142000003121829    4                       1         
G0793003000026716    2019031220190314826000000004217105320190304070712035834000100000000042170000142000003131829    4                       1         
G0793003000026716    2019031220190314826400000004122105320190304070518035819700100000000041220000142000003141829    4                       1         
G0793003000026716    2019031220190314826700000004779105320190304070355035807400100000000047790000142000003151829    4                       1         
G0793003000026716    2019031220190314826400000004107105320190304070623035826800100000000041070000142000003161829    4                       1         
G0793003000026716    2019031220190314826800000004110105320190325070198020320500100000000041100000142000003171829    4                       1         
G0793003000026716    2019031220190314826400000004862105320190306001044006860200100000000048620000142000003183863    4                       1         
G0793003000026716    2019031220190314826500000003800105320190205000670006785800100000000038000000142000003193863    4                       1         
G0793003000026716    2019031220190314826400000004774105320190306003590006882900100000000047740000142000003203863    4                       1         
G0793003000026716    2019031220190314826500000003275105320190306002290006871100100000000032750000142000003213863    4                       1         
G0793003000026716    2019031220190314826900000003200105320190306005929006915400100000000032000000142000003223863    4                       1         
G0793003000026716    2019031220190314826900000003160105320190306005601006906100100000000031600000142000003233863    4                       1         
G0793003000026716    2019031220190314826800000005732105320190306000240006852900100000000057320000142000003243863    4                       1         
G0793003000026716    2019031220190314826800000004900105320190306004660006892600100000000049000000142000003253863    4                       1         
G0793003000026716    2019031220190314826500000003184105320190306001190006861800100000000031840000142000003263863    4                       1         
G0793003000026716    2019031220190314826500000004700105320190205001280006791400100000000047000000142000003273863    4                       1         
G0793003000026716    2019031220190314826700000003200105320190205005680006840500100000000032000000142000003283863    4                       1         
G0793003000026716    2019031220190314826500000011550105320190205004060006816700100000000115500000142000003293863    4                       1         
G0793003000026716    2019031220190314826500000004941105320190306004600006892000100000000049410000142000003303863    4                       1         
G0793003000026716    2019031220190314826500000003250105320190205003650006813300100000000032500000142000003313863    4                       1         
G0793003000026716    2019031220190314826500000003213105320190306005613006906900100000000032130000142000003323863    4                       1         
G0793003000026716    2019031220190314826600000004950105320190205003970006815800100000000049500000142000003333863    4                       1         
G0793003000026716    2019031220190314826400000003273105320190306001870006868000100000000032730000142000003343863    4                       1         
G0793003000026716    2019031220190314826400000003269105320190306005528006900600100000000032690000142000003353863    4                       1         
G0793003000026716    2019031220190314826400000003200105320190205005601006835800100000000032000000142000003363863    4                       1         
G0793003000026716    2019031220190314826400000003100105320190205005999006849100100000000031000000142000003373863    4                       1         
G0793003000026716    2019031220190314826500000003100105320190205001870006796800100000000031000000142000003383863    4                       1         
G0793003000026716    2019031220190314826300000003400105320190205000390006783200100000000034000000142000003393863    4                       1         
G0793003000026716    2019031220190314826300000003200105320190205000470006783900100000000032000000142000003403863    4                       1         
G0793003000026716    2019031220190314826000000004230105320190306001068028075900100000000042300000142000003414481    4                       1         
G0793003000026716    2019031220190314826600000011168105320190315000199018136700100000000111680000142000003424065    4                       1         
G0793003000026716    2019031220190314826800000004988105320190221000569014315600100000000049880000142000003430973    4                       1         
G0793003000026716    2019031220190314826400000010367105320190304070915035848000100000000103670000142000003444065    4                       1         
G0793003000026716    2019031220190314826700000010921105320190314001656010611000100000000109210000142000003451829    4                       1         
G0793003000026716    2019031220190314826000000004230105320190306001053028074800100000000042300000142000003464481    4                       1         
G0793003000026716    2019031220190314826000000004230105320190306000568028036200100000000042300000142000003474481    4                       1         
G0793003000026716    2019031220190314826000000004230105320190306000434028025900100000000042300000142000003484481    4                       1         
G0793003000026716    2019031220190314826200000004230105320190306000887028062600100000000042300000142000003494481    4                       1         
G0793003000026716    2019031220190314826000000004230105320190306000318028018900100000000042300000142000003504481    4                       1         
G0793003000026716    2019031220190314826100000004230105320190306000179028010200100000000042300000142000003514481    4                       1         
G0793003000026716    2019031220190314826000000004230105320190306000254028014900100000000042300000142000003524481    4                       1         
G0793003000026716    2019031220190314826000000004230105320190306000245028014500100000000042300000142000003534481    4                       1         
G0793003000026716    2019031220190314826200000011200105320190221000022014265800100000000112000000142000003544065    4                       1         
G0793003000026716    2019031220190314826100000004379105320190301000273000717000100000000043790000142000003551141    4                       1         
G0793003000026716    2019031220190314826700000023000105320190201001882000669500100000000230000000142000003561141    4                       1         
G0793003000026716    2019031220190314826000000004350105320190201000371000557900100000000043500000142000003571141    4                       1         
G0793003000026716    2019031220190314826000000004300105320190201000426000562400100000000043000000142000003581141    4                       1         
G0793003000026716    2019031220190314826100000004300105320190201002032000680300100000000043000000142000003591141    4                       1         
G0793003000026716    2019031220190314826100000004285105320190301000608000743800100000000042850000142000003601141    4                       1         
G0793003000026716    2019031220190314826000000017234105320190301001846000830300100000000172340000142000003611141    4                       1         
G0793003000026716    2019031220190314826000000009596105320190301001924000835700100000000095960000142000003621141    4                       1         
G0793003000026716    2019031220190314826000000006560105320190301001089000779100100000000065600000142000003631141    4                       1         
G0793003000026716    2019031220190314826000000004428105320190301001634000815700100000000044280000142000003641141    4                       1         
G0793003000026716    2019031220190314826000000004383105320190301001356000797300100000000043830000142000003651141    4                       1         
G0793003000026716    2019031220190314826000000004375105320190301000326000721300100000000043750000142000003661141    4                       1         
G0793003000026716    2019031220190314826000000004369105320190301001372000798600100000000043690000142000003671141    4                       1         
G0793003000026716    2019031220190314826200000004900105320190201001107000616000100000000049000000142000003681141    4                       1         
G0793003000026716    2019031220190314826200000004379105320190301001416000801100100000000043790000142000003691141    4                       1         
G0793003000026716    2019031220190314826200000004300105320190201001317000630200100000000043000000142000003701141    4                       1         
G0793003000026716    2019031220190314826200000004275105320190301000297000718700100000000042750000142000003711141    4                       1         
G0793003000026716    2019031220190314826300000006132105320190301000801000758100100000000061320000142000003721141    4                       1         
G0793003000026716    2019031220190314826200000004200105320190201000253000548200100000000042000000142000003731141    4                       1         
G0793003000026716    2019031220190314826100000008719105320190301000139000707300100000000087190000142000003741141    4                       1         
G0793003000026716    2019031220190314826100000008699105320190301000179000709900100000000086990000142000003751141    4                       1         
G0793003000026716    2019031220190314826300000004554105320190301000619000744700100000000045540000142000003761141    4                       1         
G0793003000026716    2019031220190314826300000004447105320190301000420000728700100000000044470000142000003771141    4                       1         
G0793003000026716    2019031220190314826300000004403105320190301001980000840000100000000044030000142000003781141    4                       1         
G0793003000026716    2019031220190314826300000004387105320190301001677000818300100000000043870000142000003791141    4                       1         
G0793003000026716    2019031220190314826300000004369105320190301000873000763800100000000043690000142000003801141    4                       1         
G0793003000026716    2019031220190314826100000008550105320190201001686000655300100000000085500000142000003811141    4                       1         
G0793003000026716    2019031220190314826300000004300105320190201001634000652100100000000043000000142000003821141    4                       1         
G0793003000026716    2019031220190314826100000006770105320190301000592000742600100000000067700000142000003831141    4                       1         
G0793003000026716    2019031220190314826300000004288105320190314000228010518900100000000042880000142000003841829    4                       1         
G0793003000026716    2019031220190314826100000004302105320190314001576010606100100000000043020000142000003851829    4                       1         
G0793003000026716    2019031220190314826100000004290105320190314000243010519800100000000042900000142000003861829    4                       1         
G0793003000026716    2019031220190314826100000004290105320190314000132010511900100000000042900000142000003871829    4                       1         
G0793003000026716    2019031220190314826100000004290105320190314000074010507700100000000042900000142000003881829    4                       1         
G0793003000026716    2019031220190314826000000013550105320190314001011010571800100000000135500000142000003891829    4                       1         
G0793003000026716    2019031220190314826000000008657105320190314001502010601900100000000086570000142000003901829    4                       1         
G0793003000026716    2019031220190314826000000008000105320190214001677010493200100000000080000000142000003911829    4                       1         
G0793003000026716    2019031220190314826000000007940105320190314001746010616800100000000079400000142000003921829    4                       1         
G0793003000026716    2019031220190314826000000006633105320190314000814010559900100000000066330000142000003931829    4                       1         
G0793003000026716    2019031220190314826000000006250105320190214001002010451500100000000062500000142000003941829    4                       1         
G0793003000026716    2019031220190314826000000005421105320190314001421010596700100000000054210000142000003951829    4                       1         
G0793003000026716    2019031220190314826000000004382105320190314000907010565800100000000043820000142000003961829    4                       1         
G0793003000026716    2019031220190314826500000004230105320190225000296024028700100000000042300000142000003974065    4                       1         
G0793003000026716    2019031220190314826600000003100105320180706005825006343300100000000031000000142000003980793    4                       1         
G0793003000026716    2019031220190314826200000004230105320190306000570045048400100000000042300000142000003991829    4                       1         
G0793003000026716    2019031220190314826900000004166105320190304070345035807000100000000041660000142000004001829    4                       1         
G0793003000026716    2019031220190314826100000004230105320190306000627045052700100000000042300000142000004011829    4                       1         
G0793003000026716    2019031220190314826700000004230105320190306000050045004200100000000042300000142000004021829    4                       1         
G0793003000026716    2019031220190314826700000004811105320190306000527045044400100000000048110000142000004031829    4                       1         
G0793003000026716    2019031220190314826300000004230105320190306000165045013900100000000042300000142000004041829    4                       1         
G0793003000026716    2019031220190314826300000004230105320190306000146045012200100000000042300000142000004051829    4                       1         
G0793003000026716    2019031220190314826500000004230105320190306000359045030100100000000042300000142000004061829    4                       1         
G0793003000026716    2019031220190314826100000007736105320190221000035014267100100000000077360000142000004073089    4                       1         
G0793003000026716    2019031220190314826400000006767105320190221000785014333700100000000067670000142000004083089    4                       1         
G0793003000026716    2019031220190314826600000007325105320190221000676014324900100000000073250000142000004093089    4                       1         
G0793003000026716    2019031220190314826700000005599105320190221000285014289800100000000055990000142000004103089    4                       1         
G0793003000026716    2019031220190314826700000004432105320190221000583014316800100000000044320000142000004113089    4                       1         
G0793003000026716    2019031220190314826800000004424105320190221000710014327900100000000044240000142000004123089    4                       1         
G0793003000026716    2019031220190314826500000004576105320190221000563014315000100000000045760000142000004133089    4                       1         
G0793003000026716    2019031220190314826300000001421105320190221000747014330700100000000014210000142000004143089    4                       1         
G0793003000026716    2019031220190314826200000006116105320190221000328014293800100000000061160000142000004153089    4                       1         
G0793003000026716    2019031220190314826800000004280105320190221000492014308900100000000042800000142000004163089    4                       1         
G0793003000026716    2019031220190314826100000004533105320190221000252014286800100000000045330000142000004173089    4                       1         
G0793003000026716    2019031220190314826100000004445105320190221000818014336500100000000044450000142000004183089    4                       1         
G0793003000026716    2019031220190314826800000001440105320190221000690014326000100000000014400000142000004193089    4                       1         
G0793003000026716    2019031220190314826100000004312105320190221000774014332800100000000043120000142000004203089    4                       1         
G0793003000026716    2019031220190314826000000004306105320190221000125014275500100000000043060000142000004213089    4                       1         
G0793003000026716    2019031220190314826000000004230105320190221000918014344000100000000042300000142000004223089    4                       1         
G0793003000026716    2019031220190314826100000002027105320190221000907014343200100000000020270000142000004233089    4                       1         
G0793003000026716    2019031220190314826100000001427105320190221000533014312500100000000014270000142000004243089    4                       1         
G0793003000026716    2019031220190314826000000006729105320190221000149014277700100000000067290000142000004253089    4                       1         
G0793003000026716    2019031220190314826300000010742105320190221000194014281700100000000107420000142000004263089    4                       1         
G0793003000026716    2019031220190314826300000004668105320190221000191014281500100000000046680000142000004273089    4                       1         
G0793003000026716    2019031220190314826300000004582105320190221000409014300900100000000045820000142000004283089    4                       1         
G0793003000026716    2019031220190314826300000004410105320190221000289014290200100000000044100000142000004293089    4                       1         
G0793003000026716    2019031220190314826600000004110105320190325070111020315200100000000041100000142000004301829    4                       1         
G0793003000026716    2019031220190314826500000004678105320190325070144020317400100000000046780000142000004311829    4                       1         
G0793003000026716    2019031220190314826600000001322105320190325070309020328500100000000013220000142000004321829    4                       1         
G0793003000026716    2019031220190314826500000004128105320190325070290020326700100000000041280000142000004331829    4                       1         
G0793003000026716    2019031220190314826000000004330105320190225070245020296800100000000043300000142000004341829    4                       1         
G0793003000026716    2019031220190314826300000004203105320190325070259020324300100000000042030000142000004351829    4                       1         
G0793003000026716    2019031220190314826000000001454105320190225070252020297100100000000014540000142000004361829    4                       1         
G0793003000026716    2019031220190314826000000004791105320190225070200020294200100000000047910000142000004371829    4                       1         
G0793003000026716    2019031220190314826300000004308105320190225070306020301500100000000043080000142000004381829    4                       1         
G0793003000026716    2019031220190314826700000005954105320190225070366020305200100000000059540000142000004391829    4                       1         
G0793003000026716    2019031220190314826400000001357105320190225070050020284700100000000013570000142000004401829    4                       1         
G0793003000026716    2019031220190314826500000001509105320190225070095020287700100000000015090000142000004411829    4                       1         
G0793003000026716    2019031220190314826800000004330105320190301001425000801600100000000043300000142000004423939    4                       1         
G0793003000026716    2019031220190314826300000004344105320190315000828022211900100000000043440000142000004433738    4                       1         
G0793003000026716    2019031220190314826000000004376105320190314001570010605500100000000043760000142000004441829    4                       1         
G0793003000026716    2019031220190314826000000001370105320190314000719010552000100000000013700000142000004451829    4                       1         
G0793003000026716    2019031220190314826600000004260105320190215000047022076300100000000042600000142000004463738    4                       1         
G0793003000026716    2019031220190314826700000008460105320190315000163022157600100000000084600000142000004473738    4                       1         
G0793003000026716    2019031220190314826600000004230105320190315000671022201600100000000042300000142000004483738    4                       1         
G0793003000026716    2019031220190314826200000004390105320190314000202010516800100000000043900000142000004491829    4                       1         
G0793003000026716    2019031220190314826300000012700105320190214000863010443600100000000127000000142000004501829    4                       1         
G0793003000026716    2019031220190314826200000004381105320190314000508010536700100000000043810000142000004511829    4                       1         
G0793003000026716    2019031220190314826600000004230105320190315000429022181100100000000042300000142000004523738    4                       1         
G0793003000026716    2019031220190314826500000004903105320190315000629022198400100000000049030000142000004533738    4                       1         
G0793003000026716    2019031220190314826200000004304105320190314001457010599100100000000043040000142000004541829    4                       1         
G0793003000026716    2019031220190314826200000004290105320190314000853010563100100000000042900000142000004551829    4                       1         
G0793003000026716    2019031220190314826300000006700105320190214001703010494700100000000067000000142000004561829    4                       1         
G0793003000026716    2019031220190314826300000006566105320190314000423010531600100000000065660000142000004571829    4                       1         
G0793003000026716    2019031220190314826300000006000105320190314000600010543400100000000060000000142000004581829    4                       1         
G0793003000026716    2019031220190314826100000008900105320190214000873010443900100000000089000000142000004591829    4                       1         
G0793003000026716    2019031220190314826300000004890105320190314000027010504400100000000048900000142000004601829    4                       1         
G0793003000026716    2019031220190314826300000004350105320190214000564010419700100000000043500000142000004611829    4                       1         
G0793003000026716    2019031220190314826100000007400105320190214000670010428000100000000074000000142000004621829    4                       1         
G0793003000026716    2019031220190314826300000004290105320190314001281010587600100000000042900000142000004631829    4                       1         
G0793003000026716    2019031220190314826300000004290105320190314000433010532400100000000042900000142000004641829    4                       1         
G0793003000026716    2019031220190314826400000004890105320190314000833010561500100000000048900000142000004651829    4                       1         
G0793003000026716    2019031220190314826600000006732105320190314001031010573000100000000067320000142000004661829    4                       1         
G0793003000026716    2019031220190314826600000006100105320190214001587010487400100000000061000000142000004671829    4                       1         
G0793003000026716    2019031220190314826600000006048105320190314000569010541000100000000060480000142000004681829    4                       1         
G0793003000026716    2019031220190314826600000004900105320190214000054010385200100000000049000000142000004691829    4                       1         
G0793003000026716    2019031220190314826600000004302105320190314000011010503300100000000043020000142000004701829    4                       1         
G0793003000026716    2019031220190314826600000004290105320190314000858010563600100000000042900000142000004711829    4                       1         
G0793003000026716    2019031220190314826600000004290105320190314000372010528200100000000042900000142000004721829    4                       1         
G0793003000026716    2019031220190314826400000004871105320190314000069010507300100000000048710000142000004731829    4                       1         
G0793003000026716    2019031220190314826400000004450105320190214001662010492100100000000044500000142000004741829    4                       1         
G0793003000026716    2019031220190314826400000004396105320190314000609010544200100000000043960000142000004751829    4                       1         
G0793003000026716    2019031220190314826400000004300105320190214001759010498100100000000043000000142000004761829    4                       1         
G0793003000026716    2019031220190314826400000004290105320190314000718010551900100000000042900000142000004771829    4                       1         
G0793003000026716    2019031220190314826400000004281105320190314001512010602700100000000042810000142000004781829    4                       1         
G0793003000026716    2019031220190314826600000004290105320190314000339010526400100000000042900000142000004791829    4                       1         
G0793003000026716    2019031220190314826500000006867105320190314000873010564100100000000068670000142000004801829    4                       1         
G0793003000026716    2019031220190314826500000006650105320190314000758010555200100000000066500000142000004811829    4                       1         
G0793003000026716    2019031220190314826500000006133105320190314000097010509400100000000061330000142000004821829    4                       1         
G0793003000026716    2019031220190314826500000005033105320190314000556010539900100000000050330000142000004831829    4                       1         
G0793003000026716    2019031220190314826400000004276105320190314001566010605200100000000042760000142000004841829    4                       1         
G0793003000026716    2019031220190314826700000012670105320190314001670010612000100000000126700000142000004851829    4                       1         
G0793003000026716    2019031220190314826900000001483105320190314001147010579200100000000014830000142000004861829    4                       1         
G0793003000026716    2019031220190314826200000007250105320190214000288010401700100000000072500000142000004871829    4                       1         
G0793003000026716    2019031220190314826200000006640105320190314001282010587700100000000066400000142000004881829    4                       1         
G0793003000026716    2019031220190314826800000004290105320190314001325010590500100000000042900000142000004891829    4                       1         
G0793003000026716    2019031220190314826800000004290105320190314000632010545800100000000042900000142000004901829    4                       1         
G0793003000026716    2019031220190314826900000004811105320190315000703022204300100000000048110000142000004913738    4                       1         
G0793003000026716    2019031220190314826700000005651105320190315000145022156100100000000056510000142000004923738    4                       1         
G0793003000026716    2019031220190314826700000004260105320190215000692022133200100000000042600000142000004933738    4                       1         
G0793003000026716    2019031220190314826700000004230105320190315000730022205800100000000042300000142000004943738    4                       1         
G0793003000026716    2019031220190314826700000004230105320190315000092022151600100000000042300000142000004953738    4                       1         
G0793003000026716    2019031220190314826500000004260105320190215000098022080900100000000042600000142000004963738    4                       1         
G0793003000026716    2019031220190314826400000008460105320190315000110022153200100000000084600000142000004973738    4                       1         
G0793003000026716    2019031220190314826300000004230105320190315000249022165600100000000042300000142000004983738    4                       1         
G0793003000026716    2019031220190314826300000005973105320190315000702022204200100000000059730000142000004993738    4                       1         
G0793003000026716    2019031220190314826900000004321105320190315000006022144300100000000043210000142000005003738    4                       1         
G0793003000026716    2019031220190314826800000004200105320190115000329022029700100000000042000000142000005013738    4                       1         
G0793003000026716    2019031220190314826000000004230105320190315000357022175100100000000042300000142000005023738    4                       1         
G0793003000026716    2019031220190314826000000004230105320190315000662022201000100000000042300000142000005033738    4                       1         
G0793003000026716    2019031220190314826100000004260105320190215000589022124800100000000042600000142000005043738    4                       1         
G0793003000026716    2019031220190314826100000004260105320190215000329022101900100000000042600000142000005053738    4                       1         
G0793003000026716    2019031220190314826100000004230105320190315000344022173900100000000042300000142000005063738    4                       1         
G0793003000026716    2019031220190314826100000004230105320190315000276022167900100000000042300000142000005073738    4                       1         
G0793003000026716    2019031220190314826500000006443105320190315000388018150700100000000064430000142000005083939    4                       1         
G0793003000026716    2019031220190314826300000005650105320190301000163000708900100000000056500000142000005091141    4                       1         
G0793003000026716    2019031220190314826600000009650105320190201001167000620400100000000096500000142000005101141    4                       1         
G0793003000026716    2019031220190314826600000004900105320190201001562000646400100000000049000000142000005111141    4                       1         
G0793003000026716    2019031220190314826600000004454105320190301000371000724700100000000044540000142000005121141    4                       1         
G0793003000026716    2019031220190314826600000004450105320190201000608000578100100000000044500000142000005131141    4                       1         
G0793003000026716    2019031220190314826600000004391105320190301000758000754800100000000043910000142000005141141    4                       1         
G0793003000026716    2019031220190314826300000008470105320190215000110022082000100000000084700000142000005153738    4                       1         
G0793003000026716    2019031220190314826200000004230105320190315000452022183200100000000042300000142000005163738    4                       1         
G0793003000026716    2019031220190314826200000004200105320190115000452022040700100000000042000000142000005173738    4                       1         
G0793003000026716    2019031220190314826300000005392105320190315000008022144500100000000053920000142000005183738    4                       1         
G0793003000026716    2019031220190314826300000005973105320190315000329022172700100000000059730000142000005193738    4                       1         
G0793003000026716    2019031220190314826300000005973105320190315000278022168100100000000059730000142000005203738    4                       1         
G0793003000026716    2019031220190314826600000004375105320190301001949000837300100000000043750000142000005211141    4                       1         
G0793003000026716    2019031220190314826600000004350105320190201001941000673500100000000043500000142000005221141    4                       1         
G0793003000026716    2019031220190314826600000004350105320190201000311000553000100000000043500000142000005231141    4                       1         
G0793003000026716    2019031220190314826000000003844105320190304060782002723600100000000038440000142000005243738    4                       1         
G0793003000026716    2019031220190314826700000004223105320190304070559035822700100000000042230000142000005251829    4                       1         
G0793003000026716    2019031220190314826400000006300105320190204071031035780300100000000063000000142000005261829    4                       1         
G0793003000026716    2019031220190314826800000004279105320190304070779035838600100000000042790000142000005271829    4                       1         
G0793003000026716    2019031220190314826200000016164105320190304070271035801800100000000161640000142000005281829    4                       1         
G0793003000026716    2019031220190314826000000008450105320190204060949002634300100000000084500000142000005293738    4                       1         
G0793003000026716    2019031220190314826000000003800105320190304060084002670600100000000038000000142000005303738    4                       1         
G0793003000026716    2019031220190314826400000001149105320190304060786002724000100000000011490000142000005313738    4                       1         
G0793003000026716    2019031220190314826600000005978105320190304070994035854200100000000059780000142000005321829    4                       1         
G0793003000026716    2019031220190314826600000006951105320190304070434035813500100000000069510000142000005331829    4                       1         
G0793003000026716    2019031220190314826900000006489105320190304070993035854100100000000064890000142000005341829    4                       1         
G0793003000026716    2019031220190314826100000004750105320190204070615035749700100000000047500000142000005351829    4                       1         
G0793003000026716    2019031220190314826600000003932105320190304061142002754700100000000039320000142000005363738    4                       1         
G0793003000026716    2019031220190314826300000004970105320190304060984002740900100000000049700000142000005373738    4                       1         
G0793003000026716    2019031220190314826300000004750105320190321061292002765900100000000047500000142000005383738    4                       1         
G0793003000026716    2019031220190314826300000004090105320190304070872035845100100000000040900000142000005391829    4                       1         
G0793003000026716    2019031220190314826600000003905105320190304061061002747700100000000039050000142000005403738    4                       1         
G0793003000026716    2019031220190314826500000005300105320190321061285002765400100000000053000000142000005413738    4                       1         
G0793003000026716    2019031220190314826700000010208105320190304060650002711200100000000102080000142000005423738    4                       1         
G0793003000026716    2019031220190314826900000003922105320190304060266002678900100000000039220000142000005433738    4                       1         
G0793003000026716    2019031220190314826900000003902105320190304060987002741200100000000039020000142000005443738    4                       1         
G0793003000026716    2019031220190314826900000003850105320190304060590002705900100000000038500000142000005453738    4                       1         
G0793003000026716    2019031220190314826900000001150105320190204060666002608400100000000011500000142000005463738    4                       1         
G0793003000026716    2019031220190314826800000019114105320190304060848002729000100000000191140000142000005473738    4                       1         
G0793003000026716    2019031220190314826800000008591105320190304060784002723800100000000085910000142000005483738    4                       1         
G0793003000026716    2019031220190314826500000001188105320190304060382002688600100000000011880000142000005493738    4                       1         
G0793003000026716    2019031220190314826300000003894105320190304060883002732300100000000038940000142000005503738    4                       1         
G0793003000026716    2019031220190314826100000003922105320190304060241002676900100000000039220000142000005513738    4                       1         
G0793003000026716    2019031220190314826800000003938105320190304061176002757600100000000039380000142000005523738    4                       1         
G0793003000026716    2019031220190314826800000003932105320190304060946002737700100000000039320000142000005533738    4                       1         
G0793003000026716    2019031220190314826800000003932105320190304060362002687000100000000039320000142000005543738    4                       1         
G0793003000026716    2019031220190314826800000003884105320190304060833002728000100000000038840000142000005553738    4                       1         
G0793003000026716    2019031220190314826800000003882105320190304060512002699700100000000038820000142000005563738    4                       1         
G0793003000026716    2019031220190314826100000006735105320190304060327002683800100000000067350000142000005573738    4                       1         
G0793003000026716    2019031220190314826000000004002105320190304060239002676700100000000040020000142000005583738    4                       1         
G0793003000026716    2019031220190314826200000003750105320190304060075002670100100000000037500000142000005593738    4                       1         
G0793003000026716    2019031220190314826600000004300105320190201001954000674700100000000043000000142000005601141    4                       1         
G0793003000026716    2019031220190314826400000004518105320190301000259000715900100000000045180000142000005611141    4                       1         
G0793003000026716    2019031220190314826400000004409105320190301000878000764100100000000044090000142000005621141    4                       1         
G0793003000026716    2019031220190314826400000004378105320190301000477000733100100000000043780000142000005631141    4                       1         
G0793003000026716    2019031220190314826400000004300105320190201000312000553100100000000043000000142000005641141    4                       1         
G0793003000026716    2019031220190314826600000004290105320190301000731000752600100000000042900000142000005651141    4                       1         
G0793003000026716    2019031220190314826600000004275105320190301000066000701900100000000042750000142000005661141    4                       1         
G0793003000026716    2019031220190314826600000004200105320190201000547000572700100000000042000000142000005671141    4                       1         
G0793003000026716    2019031220190314826500000008700105320190201000121000538900100000000087000000142000005681141    4                       1         
G0793003000026716    2019031220190314826500000006314105320190301000381000725400100000000063140000142000005691141    4                       1         
G0793003000026716    2019031220190314826700000017640105320190301001514000807800100000000176400000142000005701141    4                       1         
G0793003000026716    2019031220190314826700000011950105320190201001243000625600100000000119500000142000005711141    4                       1         
G0793003000026716    2019031220190314826700000010850105320190201001226000697000100000000108500000142000005721141    4                       1         
G0793003000026716    2019031220190314826700000005632105320190301000935000768100100000000056320000142000005731141    4                       1         
G0793003000026716    2019031220190314826700000005614105320190301000361000724000100000000056140000142000005741141    4                       1         
G0793003000026716    2019031220190314826700000005360105320190301001956000837900100000000053600000142000005751141    4                       1         
G0793003000026716    2019031220190314826700000005131105320190301000253000715300100000000051310000142000005761141    4                       1         
G0793003000026716    2019031220190314826700000004452105320190301001740000822900100000000044520000142000005771141    4                       1         
G0793003000026716    2019031220190314826700000004383105320190301001877000832300100000000043830000142000005781141    4                       1         
G0793003000026716    2019031220190314826700000004297105320190301001141000783000100000000042970000142000005791141    4                       1         
G0793003000026716    2019031220190314826700000004291105320190301000675000748300100000000042910000142000005801141    4                       1         
G0793003000026716    2019031220190314826700000004286105320190301000312000720200100000000042860000142000005811141    4                       1         
G0793003000026716    2019031220190314826800000022650105320190201001846000667100100000000226500000142000005821141    4                       1         
G0793003000026716    2019031220190314826400000004200105320190201002205000693000100000000042000000142000005831141    4                       1         
G0793003000026716    2019031220190314826800000009450105320190201001451000639100100000000094500000142000005841141    4                       1         
G0793003000026716    2019031220190314826800000007342105320190301001736000822500100000000073420000142000005851141    4                       1         
G0793003000026716    2019031220190314826800000006662105320190301000886000764700100000000066620000142000005861141    4                       1         
G0793003000026716    2019031220190314826100000007893105320190304060832002727900100000000078930000142000005873738    4                       1         
G0793003000026716    2019031220190314826600000001328105320190304070637035827800100000000013280000142000005881829    4                       1         
Z00059000000000003054015                                                                                                                              
