A2201053              HIDROFORTETOCANTINS 104CAIXA ECON. FEDERAL 2019031400157003                                                                     
G0793003000026716    2019031320190314826300000010107105320190306000871028061400100000000101070000142000000014380    3                       1         
G0793003000026716    2019031320190314826800000004230105320190225000014024001200100000000042300000142000000021116    3                       1         
G0793003000026716    2019031320190314826500000007966105320190301002170000853100100000000079660000142000000032928    3                       1         
G0793003000026716    2019031320190314826900000004230105320190325000598024124400100000000042300000142000000041737    3                       1         
G0793003000026716    2019031320190314826500000004230105320190325000024024074300100000000042300000142000000051737    3                       1         
G0793003000026716    2019031320190314826400000010850105320190325000635024127500100000000108500000142000000061737    3                       1         
G0793003000026716    2019031320190314826900000008575105320190225070382020306200100000000085750000142000000071829    3                       1         
G0793003000026716    2019031320190314826500000004233105320190304070879035845500100000000042330000142000000081829    3                       1         
G0793003000026716    2019031320190314826300000006850105320190204070476035739800100000000068500000142000000091829    3                       1         
G0793003000026716    2019031320190315826000000004230105320190315000180018135100100000000042300000142000000101141    4                       1         
G0793003000026716    2019031320190315826300000027950105300100000060526002668400000000000279500000142000000112525    4                       1         
G0793003000026716    2019031320190315826500000003850105300100000060040002564000000000000038500000142000000123738    4                       1         
G0793003000026716    2019031320190315826000000004239105300100000070650081800600000000000042390000142000000133939    4                       1         
G0793003000026716    2019031320190315826400000004192105300100000070684081804000000000000041920000142000000143939    4                       1         
G0793003000026716    2019031320190315826200000004128105300100000070663081801900000000000041280000142000000153939    4                       1         
G0793003000026716    2019031320190315826700000004194105300100000070042081758400000000000041940000142000000163939    4                       1         
G0793003000026716    2019031320190315826700000001371105300100000071433081875100000000000013710000142000000173939    4                       1         
G0793003000026716    2019031320190315826800000009692105300100000070572081792900000000000096920000142000000183939    4                       1         
G0793003000026716    2019031320190315826900000004201105300100000071502081881400000000000042010000142000000193939    4                       1         
G0793003000026716    2019031320190315826900000004108105300100000070954081829100000000000041080000142000000203939    4                       1         
G0793003000026716    2019031320190315826400000001250105300100000072002081926900000000000012500000142000000213939    4                       1         
G0793003000026716    2019031320190315826000000001328105300100000071699081899200000000000013280000142000000223939    4                       1         
G0793003000026716    2019031320190315826300000004130105300100000071604081890300000000000041300000142000000233939    4                       1         
G0793003000026716    2019031320190315826500000005925105300100000071371081869400000000000059250000142000000243939    4                       1         
G0793003000026716    2019031320190315826700000005372105300100000071350081867500000000000053720000142000000253939    4                       1         
G0793003000026716    2019031320190315826000000004731105300100000071461081877500000000000047310000142000000263939    4                       1         
G0793003000026716    2019031320190315826400000004164105300100000071478081879100000000000041640000142000000273939    4                       1         
G0793003000026716    2019031320190315826800000003050105300100000070143081760300000000000030500000142000000283939    4                       1         
G0793003000026716    2019031320190315826600000007250105300100000061325002665400000000000072500000142000000293738    4                       1         
G0793003000026716    2019031320190315826300000004194105300100000070606081796200000000000041940000142000000303939    4                       1         
G0793003000026716    2019031320190315826900000003900105300100000060446002589800000000000039000000142000000313738    4                       1         
G0793003000026716    2019031320190315826900000004156105300100000071015081835000000000000041560000142000000323939    4                       1         
G0793003000026716    2019031320190315826700000005260105300100000071666081896000000000000052600000142000000333939    4                       1         
G0793003000026716    2019031320190315826200000004286105300100000070712081806600000000000042860000142000000343939    4                       1         
G0793003000026716    2019031320190315826700000001300105300100000072001081926800000000000013000000142000000353939    4                       1         
G0793003000026716    2019031320190315826200000004152105300100000070348081771800000000000041520000142000000363939    4                       1         
G0793003000026716    2019031320190315826700000001269105300100000071940081922300000000000012690000142000000373939    4                       1         
G0793003000026716    2019031320190315826600000004213105300100000071248081857300000000000042130000142000000383939    4                       1         
G0793003000026716    2019031320190315826600000004204105300100000070769081812100000000000042040000142000000393939    4                       1         
G0793003000026716    2019031320190315826600000001372105300100000071702081899400000000000013720000142000000403939    4                       1         
G0793003000026716    2019031320190315826600000004280105300100000070707081806100000000000042800000142000000413939    4                       1         
G0793003000026716    2019031320190315826400000009455105300100000070375081774500000000000094550000142000000423939    4                       1         
G0793003000026716    2019031320190315826900000008663105300100000071616081891500000000000086630000142000000433939    4                       1         
G0793003000026716    2019031320190315826900000007915105300100000070787081813900000000000079150000142000000443939    4                       1         
G0793003000026716    2019031320190315826500000004319105320190325000555024120500100000000043190000142000000451737    4                       1         
G0793003000026716    2019031320190315826900000003882105320190304061025002744800100000000038820000142000000463738    4                       1         
G0793003000026716    2019031320190315826900000005950105320190304061315002767000100000000059500000142000000473738    4                       1         
G0793003000026716    2019031320190315826500000004230105320190325000036024075500100000000042300000142000000481737    4                       1         
G0793003000026716    2019031320190315826600000005973105320190225000319024031000100000000059730000142000000491737    4                       1         
G0793003000026716    2019031320190315826500000004230105320190225000018024001600100000000042300000142000000501737    4                       1         
G0793003000026716    2019031320190315826400000007233105320190325000099024081400100000000072330000142000000511737    4                       1         
G0793003000026716    2019031320190315826000000004319105320190325000045024076400100000000043190000142000000521737    4                       1         
G0793003000026716    2019031320190315826000000004230105320190325000530024118300100000000042300000142000000531737    4                       1         
G0793003000026716    2019031320190315826000000004230105320190325000396024107100100000000042300000142000000541737    4                       1         
G0793003000026716    2019031320190315826900000004834105320190304060271002679300100000000048340000142000000553738    4                       1         
G0793003000026716    2019031320190315826100000008480105320190314000148010513000100000000084800000142000000561829    4                       1         
G0793003000026716    2019031320190315826700000003997105320190304061101002750900100000000039970000142000000573738    4                       1         
G0793003000026716    2019031320190315826700000003750105320190204060013002563600100000000037500000142000000583738    4                       1         
G0793003000026716    2019031320190315826800000005150105320190321061288002765600100000000051500000142000000593738    4                       1         
G0793003000026716    2019031320190315826800000004650105320190121061325002560700100000000046500000142000000603738    4                       1         
G0793003000026716    2019031320190315826800000003909105320190304060932002736500100000000039090000142000000613738    4                       1         
G0793003000026716    2019031320190315826900000006250105320190321061237002762200100000000062500000142000000623738    4                       1         
G0793003000026716    2019031320190315826100000006850105320190314001776010618800100000000068500000142000000631829    4                       1         
G0793003000026716    2019031320190315826700000004290105320190314001179010581000100000000042900000142000000641829    4                       1         
G0793003000026716    2019031320190315826800000010915105320190314000461010533900100000000109150000142000000651829    4                       1         
G0793003000026716    2019031320190315826900000004450105320190214001635010490600100000000044500000142000000661829    4                       1         
G0793003000026716    2019031320190315826800000006700105320190214000560010419300100000000067000000142000000671829    4                       1         
G0793003000026716    2019031320190315826800000004360105320190314000511010536900100000000043600000142000000681829    4                       1         
G0793003000026716    2019031320190315826800000004276105320190314001206010582600100000000042760000142000000691829    4                       1         
G0793003000026716    2019031320190315826900000004390105320190314000203010516900100000000043900000142000000701829    4                       1         
G0793003000026716    2019031320190315826900000004290105320190314000797010558500100000000042900000142000000711829    4                       1         
G0793003000026716    2019031320190315826500000014038105320190314000315010524700100000000140380000142000000721829    4                       1         
G0793003000026716    2019031320190315826500000006550105320190214001487010481500100000000065500000142000000731829    4                       1         
G0793003000026716    2019031320190315826500000005740105320190314001481010600700100000000057400000142000000741829    4                       1         
G0793003000026716    2019031320190315826500000004302105320190314000579010541700100000000043020000142000000751829    4                       1         
G0793003000026716    2019031320190315826000000004230105320190325000173024087700100000000042300000142000000761737    4                       1         
G0793003000026716    2019031320190315826100000004230105320190325000111024082200100000000042300000142000000771737    4                       1         
G0793003000026716    2019031320190315826100000004230105320190225000520024050400100000000042300000142000000781737    4                       1         
G0793003000026716    2019031320190315826000000006652105320190325000155024086100100000000066520000142000000791737    4                       1         
G0793003000026716    2019031320190315826500000004290105320190314000648010547000100000000042900000142000000801829    4                       1         
G0793003000026716    2019031320190315826900000004450105320190201001325000630700100000000044500000142000000811141    4                       1         
G0793003000026716    2019031320190315826400000004423105320190314001648010610500100000000044230000142000000821829    4                       1         
G0793003000026716    2019031320190315826100000003932105320190304060458002695100100000000039320000142000000834065    4                       1         
G0793003000026716    2019031320190315826500000003850105320181206000614095572600100000000038500000142000000844481    4                       1         
G0793003000026716    2019031320190315826400000003850105320181206000053095518900100000000038500000142000000854481    4                       1         
G0793003000026716    2019031320190315826600000005432105320190314000935010567100100000000054320000142000000861829    4                       1         
G0793003000026716    2019031320190315826500000004431105320190221000315014292600100000000044310000142000000873089    4                       1         
G0793003000026716    2019031320190315826200000003850105320181206000715095582100100000000038500000142000000884481    4                       1         
G0793003000026716    2019031320190315826800000003850105320181107000614000060900100000000038500000142000000894481    4                       1         
G0793003000026716    2019031320190315826900000006300105320190304071048035857900100000000063000000142000000901829    4                       1         
G0793003000026716    2019031320190315826400000007950105320190214000786010437500100000000079500000142000000911829    4                       1         
G0793003000026716    2019031320190315826100000004798105320190306002510006873200100000000047980000142000000923863    4                       1         
G0793003000026716    2019031320190315826100000003200105320190205005982006848200100000000032000000142000000933863    4                       1         
G0793003000026716    2019031320190315826100000003100105320190306005946006916700100000000031000000142000000943863    4                       1         
G0793003000026716    2019031320190315826000000009283105320190306002630006874000100000000092830000142000000953863    4                       1         
G0793003000026716    2019031320190315826000000005050105320190205001800006796100100000000050500000142000000963863    4                       1         
G0793003000026716    2019031320190315826000000005000105320190205006001006849300100000000050000000142000000973863    4                       1         
G0793003000026716    2019031320190315826000000005392105320190315000526018161600100000000053920000142000000981141    4                       1         
G0793003000026716    2019031320190315826800000016365105320190215000696018118200100000000163650000142000000991141    4                       1         
G0793003000026716    2019031320190315826300000009009105320190315000618018169400100000000090090000142000001001141    4                       1         
G0793003000026716    2019031320190315826200000004358105320190215000533018104400100000000043580000142000001011141    4                       1         
G0793003000026716    2019031320190315826700000014838105320190301002122000849400100000000148380000142000001021141    4                       1         
G0793003000026716    2019031320190315826700000016548105320190315000696018175200100000000165480000142000001031141    4                       1         
G0793003000026716    2019031320190315826200000010850105320190315000307018144600100000000108500000142000001041141    4                       1         
G0793003000026716    2019031320190315826700000004425105320190315000525018161500100000000044250000142000001051141    4                       1         
G0793003000026716    2019031320190315826700000004323105320190315000054018125400100000000043230000142000001061141    4                       1         
G0793003000026716    2019031320190315826200000004260105320190215000580018108600100000000042600000142000001071141    4                       1         
G0793003000026716    2019031320190315826800000007135105320190315000122018131400100000000071350000142000001081141    4                       1         
G0793003000026716    2019031320190315826800000006554105320190315000059018125800100000000065540000142000001091141    4                       1         
G0793003000026716    2019031320190315826400000005973105320190315000464018156800100000000059730000142000001101141    4                       1         
G0793003000026716    2019031320190315826500000004825105320190215000230018079800100000000048250000142000001111141    4                       1         
G0793003000026716    2019031320190315826900000004230105320190315000032018123800100000000042300000142000001121141    4                       1         
G0793003000026716    2019031320190315826900000004230105320190315000100018129400100000000042300000142000001131141    4                       1         
G0793003000026716    2019031320190315826900000004230105320190315000004018121600100000000042300000142000001141141    4                       1         
G0793003000026716    2019031320190315826600000010850105320190315000060018125900100000000108500000142000001151141    4                       1         
G0793003000026716    2019031320190315826500000004363105320190215000178018075600100000000043630000142000001161141    4                       1         
G0793003000026716    2019031320190315826500000004356105320190315000074018127200100000000043560000142000001171141    4                       1         
G0793003000026716    2019031320190315826500000004230105320190315000647018171900100000000042300000142000001181141    4                       1         
G0793003000026716    2019031320190315826100000004234105320190215000024018062700100000000042340000142000001191141    4                       1         
G0793003000026716    2019031320190315826000000004356105320190315000003018121500100000000043560000142000001201141    4                       1         
G0793003000026716    2019031320190315826100000006578105320190315000427018153300100000000065780000142000001211141    4                       1         
G0793003000026716    2019031320190315826400000010850105320190306001079028076800100000000108500000142000001224481    4                       1         
G0793003000026716    2019031320190315826300000004811105320190306000002028000200100000000048110000142000001234481    4                       1         
G0793003000026716    2019031320190315826900000004230105320190306000645028042200100000000042300000142000001244481    4                       1         
G0793003000026716    2019031320190315826300000004230105320190306000340028020200100000000042300000142000001254481    4                       1         
G0793003000026716    2019031320190315826900000004230105320190306000576028036700100000000042300000142000001264481    4                       1         
G0793003000026716    2019031320190315826900000004230105320190306000327028019400100000000042300000142000001274481    4                       1         
G0793003000026716    2019031320190315826600000004230105320190306000486028029300100000000042300000142000001284481    4                       1         
G0793003000026716    2019031320190315826700000004230105320190306000371028021500100000000042300000142000001294481    4                       1         
G0793003000026716    2019031320190315826500000004230105320190306001089028077800100000000042300000142000001304481    4                       1         
G0793003000026716    2019031320190315826500000004230105320190306000655028043200100000000042300000142000001314481    4                       1         
G0793003000026716    2019031320190315826900000011741105320190306000667028044100100000000117410000142000001324481    4                       1         
G0793003000026716    2019031320190315826100000004230105320190306000664028043800100000000042300000142000001334481    4                       1         
G0793003000026716    2019031320190315826400000005402105320190314001079010575200100000000054020000142000001341829    4                       1         
G0793003000026716    2019031320190315826100000001300105320180903070033035324400100000000013000000142000001351829    4                       1         
G0793003000026716    2019031320190315826000000005900105320190204070213035719200100000000059000000142000001361829    4                       1         
G0793003000026716    2019031320190315826000000001250105320181002070593035476700100000000012500000142000001371829    4                       1         
G0793003000026716    2019031320190315826300000004110105320190325070008020309500100000000041100000142000001381829    4                       1         
G0793003000026716    2019031320190315826700000006138105320190225070230020296300100000000061380000142000001391829    4                       1         
G0793003000026716    2019031320190315826000000004900105320190205002510006802400100000000049000000142000001403863    4                       1         
G0793003000026716    2019031320190315826600000004350105320190214000102010388400100000000043500000142000001411829    4                       1         
G0793003000026716    2019031320190315826600000004300105320190314000904010565600100000000043000000142000001421829    4                       1         
G0793003000026716    2019031320190315826600000004290105320190314001092010576100100000000042900000142000001431829    4                       1         
G0793003000026716    2019031320190315826600000004290105320190314000142010512500100000000042900000142000001441829    4                       1         
G0793003000026716    2019031320190315826000000004390105320190314000530010538300100000000043900000142000001451829    4                       1         
G0793003000026716    2019031320190315826000000004306105320190314001260010586200100000000043060000142000001461829    4                       1         
G0793003000026716    2019031320190315826000000004290105320190314001390010594700100000000042900000142000001471829    4                       1         
G0793003000026716    2019031320190315826100000005438105320190314001531010603600100000000054380000142000001481829    4                       1         
G0793003000026716    2019031320190315826100000004350105320190214001145010459200100000000043500000142000001491829    4                       1         
G0793003000026716    2019031320190315826300000004900105320190205005588006834800100000000049000000142000001503863    4                       1         
G0793003000026716    2019031320190315826300000003500105320190205005946006846300100000000035000000142000001513863    4                       1         
G0793003000026716    2019031320190315826300000003500105320190205003089006807700100000000035000000142000001523863    4                       1         
G0793003000026716    2019031320190315826300000003250105320190205005551006832000100000000032500000142000001533863    4                       1         
G0793003000026716    2019031320190315826200000009900105320190205000585006785000100000000099000000142000001543863    4                       1         
G0793003000026716    2019031320190315826200000008150105320190205002570006803000100000000081500000142000001553863    4                       1         
G0793003000026716    2019031320190315826400000003838105320190304060281002680200100000000038380000142000001563738    4                       1         
G0793003000026716    2019031320190315826700000004650105320190321061359002771400100000000046500000142000001573738    4                       1         
G0793003000026716    2019031320190315826200000003891105320190304060297002681500100000000038910000142000001583738    4                       1         
G0793003000026716    2019031320190315826200000003813105320190304060337002684700100000000038130000142000001593738    4                       1         
G0793003000026716    2019031320190315826900000003988105320190304060384002688700100000000039880000142000001603738    4                       1         
G0793003000026716    2019031320190315826800000003151105320190306003089006878200100000000031510000142000001613863    4                       1         
G0793003000026716    2019031320190315826800000003100105320190205000730006786400100000000031000000142000001623863    4                       1         
G0793003000026716    2019031320190315826700000009200105320190306000585006856200100000000092000000142000001633863    4                       1         
G0793003000026716    2019031320190315826700000008250105320190306006001006919600100000000082500000142000001643863    4                       1         
G0793003000026716    2019031320190315826700000005010105320190306001800006867300100000000050100000142000001653863    4                       1         
G0793003000026716    2019031320190315826200000003350105320190205005638006838500100000000033500000142000001663863    4                       1         
G0793003000026716    2019031320190315826200000003294105320190306001320006862900100000000032940000142000001673863    4                       1         
G0793003000026716    2019031320190315826200000003264105320190306005510006900000100000000032640000142000001683863    4                       1         
G0793003000026716    2019031320190315826200000003192105320190306005521006900200100000000031920000142000001693863    4                       1         
G0793003000026716    2019031320190315826000000003273105320190306004910006894400100000000032730000142000001700793    4                       1         
G0793003000026716    2019031320190315826100000007107105320190306001860006867900100000000071070000142000001713863    4                       1         
G0793003000026716    2019031320190315826800000006750105320190205005657006839900100000000067500000142000001723863    4                       1         
G0793003000026716    2019031320190315826800000005355105320190306000520006855600100000000053550000142000001733863    4                       1         
G0793003000026716    2019031320190315826000000004230105320190225000666024064800100000000042300000142000001741737    4                       1         
G0793003000026716    2019031320190315826400000004230105320190325000320024100300100000000042300000142000001751737    4                       1         
G0793003000026716    2019031320190315826400000004230105320190325000077024079400100000000042300000142000001761737    4                       1         
G0793003000026716    2019031320190315826400000004230105320190225000505024048900100000000042300000142000001771737    4                       1         
G0793003000026716    2019031320190315826400000004230105320190225000353024034400100000000042300000142000001781737    4                       1         
G0793003000026716    2019031320190315826300000010850105320190325000291024097600100000000108500000142000001791737    4                       1         
G0793003000026716    2019031320190315826300000010498105320190325000755024137100100000000104980000142000001801737    4                       1         
G0793003000026716    2019031320190315826300000005392105320190225000426024041200100000000053920000142000001811737    4                       1         
G0793003000026716    2019031320190315826300000004230105320190325000735024135700100000000042300000142000001821737    4                       1         
G0793003000026716    2019031320190315826300000004230105320190325000542024119400100000000042300000142000001831737    4                       1         
G0793003000026716    2019031320190315826300000004230105320190325000457024111900100000000042300000142000001841737    4                       1         
G0793003000026716    2019031320190315826300000004230105320190325000074024079100100000000042300000142000001851737    4                       1         
G0793003000026716    2019031320190315826300000004230105320190325000068024078500100000000042300000142000001861737    4                       1         
G0793003000026716    2019031320190315826200000008460105320190325000053024077100100000000084600000142000001871737    4                       1         
G0793003000026716    2019031320190315826200000008460105320190225000053024005000100000000084600000142000001881737    4                       1         
G0793003000026716    2019031320190315826700000008621105320190325000319024100200100000000086210000142000001891737    4                       1         
G0793003000026716    2019031320190315826700000008460105320190225000244024023600100000000084600000142000001901737    4                       1         
G0793003000026716    2019031320190315826700000005973105320190325000614024125800100000000059730000142000001911737    4                       1         
G0793003000026716    2019031320190315826200000005392105320190225000453024043900100000000053920000142000001921737    4                       1         
G0793003000026716    2019031320190315826200000004230105320190325000664024129900100000000042300000142000001931737    4                       1         
G0793003000026716    2019031320190315826200000004230105320190325000216024091300100000000042300000142000001941737    4                       1         
G0793003000026716    2019031320190315826200000004230105320190225000297024028800100000000042300000142000001951737    4                       1         
G0793003000026716    2019031320190315826200000004230105320190225000245024023700100000000042300000142000001961737    4                       1         
G0793003000026716    2019031320190315826100000007135105320190325000372024105000100000000071350000142000001971737    4                       1         
G0793003000026716    2019031320190315826700000004230105320190325000678024131200100000000042300000142000001981737    4                       1         
G0793003000026716    2019031320190315826700000004230105320190325000198024089800100000000042300000142000001991737    4                       1         
G0793003000026716    2019031320190315826700000004230105320190325000189024088900100000000042300000142000002001737    4                       1         
G0793003000026716    2019031320190315826700000004230105320190325000116024082600100000000042300000142000002011737    4                       1         
G0793003000026716    2019031320190315826700000004230105320190325000063024078100100000000042300000142000002021737    4                       1         
G0793003000026716    2019031320190315826800000004230105320190325000104024081800100000000042300000142000002031737    4                       1         
G0793003000026716    2019031320190315826800000004230105320190225000530024051400100000000042300000142000002041737    4                       1         
G0793003000026716    2019031320190315826900000004230105320190325000674024130800100000000042300000142000002051737    4                       1         
G0793003000026716    2019031320190315826900000004230105320190325000507024116400100000000042300000142000002061737    4                       1         
G0793003000026716    2019031320190315826900000004230105320190325000213024091100100000000042300000142000002071737    4                       1         
G0793003000026716    2019031320190315826900000004230105320190325000016024073600100000000042300000142000002081737    4                       1         
G0793003000026716    2019031320190315826900000004230105320190225000717024069100100000000042300000142000002091737    4                       1         
G0793003000026716    2019031320190315826600000004230105320190325000727024135100100000000042300000142000002101737    4                       1         
G0793003000026716    2019031320190315826600000004230105320190325000482024114100100000000042300000142000002111737    4                       1         
G0793003000026716    2019031320190315826600000004230105320190225000387024037600100000000042300000142000002121737    4                       1         
G0793003000026716    2019031320190315826700000004230105320190225000521024050500100000000042300000142000002131737    4                       1         
G0793003000026716    2019031320190315826500000005392105320190325000560024121000100000000053920000142000002141737    4                       1         
G0793003000026716    2019031320190315826800000004601105320190306002490006872900100000000046010000142000002153863    4                       1         
G0793003000026716    2019031320190315826800000004050105320190306005588006905100100000000040500000142000002163863    4                       1         
G0793003000026716    2019031320190315826800000003779105320190306001240006862200100000000037790000142000002173863    4                       1         
G0793003000026716    2019031320190315826800000003200105320190205003920006815300100000000032000000142000002183863    4                       1         
G0793003000026716    2019031320190315826900000005745105320190306001350006863200100000000057450000142000002193863    4                       1         
G0793003000026716    2019031320190315826700000003334105320190306004030006886600100000000033340000142000002203863    4                       1         
G0793003000026716    2019031320190315826700000003100105320190205005573006833500100000000031000000142000002213863    4                       1         
G0793003000026716    2019031320190315826500000007600105320190205001860006796700100000000076000000142000002223863    4                       1         
G0793003000026716    2019031320190315826500000004700105320190306000910006921900100000000047000000142000002233863    4                       1         
G0793003000026716    2019031320190315826500000004700105320190205005944006846100100000000047000000142000002243863    4                       1         
G0793003000026716    2019031320190315826500000004350105320190205001240006791000100000000043500000142000002253863    4                       1         
G0793003000026716    2019031320190315826600000007450105320190205004130006817400100000000074500000142000002263863    4                       1         
G0793003000026716    2019031320190315826100000004150105320190204000025002551900100000000041500000142000002271116    4                       1         
G0793003000026716    2019031320190315826400000004356105320190304000299002615000100000000043560000142000002281116    4                       1         
G0793003000026716    2019031320190315826500000003380105320190306005573006903800100000000033800000142000002293863    4                       1         
G0793003000026716    2019031320190315826500000003100105320190205005510006829700100000000031000000142000002303863    4                       1         
G0793003000026716    2019031320190315826400000005520105320190306003800006884800100000000055200000142000002313863    4                       1         
G0793003000026716    2019031320190315826300000004258105320190304000452002622200100000000042580000142000002321116    4                       1         
G0793003000026716    2019031320190315826700000007458105320190304000210002610400100000000074580000142000002331116    4                       1         
G0793003000026716    2019031320190315826200000007050105320190204000762002594400100000000070500000142000002341116    4                       1         
G0793003000026716    2019031320190315826200000004398105320190304000395002619500100000000043980000142000002351116    4                       1         
G0793003000026716    2019031320190315826100000011800105320190204000628002585900100000000118000000142000002361116    4                       1         
G0793003000026716    2019031320190315826400000004950105320190205002520006802500100000000049500000142000002373863    4                       1         
G0793003000026716    2019031320190315826000000004762105320190306003460006881700100000000047620000142000002383863    4                       1         
G0793003000026716    2019031320190315826100000004950105320190205001970006797400100000000049500000142000002393863    4                       1         
G0793003000026716    2019031320190315826100000008500105320190204000354002570700100000000085000000142000002401116    4                       1         
G0793003000026716    2019031320190315826400000004956105320190304060957002738600100000000049560000142000002413738    4                       1         
G0793003000026716    2019031320190315826600000003962105320190304060211002674600100000000039620000142000002423738    4                       1         
G0793003000026716    2019031320190315826200000004109105320190304070281035802400100000000041090000142000002431829    4                       1         
G0793003000026716    2019031320190315826100000004100105320180902070442035477700100000000041000000142000002441829    4                       1         
G0793003000026716    2019031320190315826400000004389105320190304070166035792900100000000043890000142000002451829    4                       1         
G0793003000026716    2019031320190315826400000004650105320190321061350002770500100000000046500000142000002463738    4                       1         
G0793003000026716    2019031320190315826000000003892105320190304060205002674100100000000038920000142000002473738    4                       1         
G0793003000026716    2019031320190315826400000010250105320181217070593035630300100000000102500000142000002481829    4                       1         
G0793003000026716    2019031320190315826900000004336105320190304071004035854800100000000043360000142000002491829    4                       1         
G0793003000026716    2019031320190315826400000006933105320190304070960035851500100000000069330000142000002501829    4                       1         
G0793003000026716    2019031320190315826600000004977105320190304060658002711900100000000049770000142000002513738    4                       1         
G0793003000026716    2019031320190315826400000006450105320190204070896035770100100000000064500000142000002521829    4                       1         
G0793003000026716    2019031320190315826100000004150105320190204070677035754400100000000041500000142000002531829    4                       1         
G0793003000026716    2019031320190315826000000003800105320190304060059002669800100000000038000000142000002543738    4                       1         
G0793003000026716    2019031320190315826600000003850105320190304060302002681900100000000038500000142000002553738    4                       1         
G0793003000026716    2019031320190315826500000007282105320190304060991002741600100000000072820000142000002563738    4                       1         
G0793003000026716    2019031320190315826900000006780105320190304061108002751600100000000067800000142000002573738    4                       1         
G0793003000026716    2019031320190315826100000004650105320190321061325002768000100000000046500000142000002583738    4                       1         
G0793003000026716    2019031320190315826100000003841105320190304061031002745300100000000038410000142000002593738    4                       1         
G0793003000026716    2019031320190315826600000004170105320190304070972035852500100000000041700000142000002601829    4                       1         
G0793003000026716    2019031320190315826600000004700105320190204070874035769100100000000047000000142000002611829    4                       1         
G0793003000026716    2019031320190315826800000005600105320190201002133000687200100000000056000000142000002621141    4                       1         
G0793003000026716    2019031320190315826600000004100105320181203070442035583700100000000041000000142000002631829    4                       1         
G0793003000026716    2019031320190315826600000004207105320190304070686035832000100000000042070000142000002641829    4                       1         
G0793003000026716    2019031320190315826500000004200105320190204070867035768400100000000042000000142000002651829    4                       1         
G0793003000026716    2019031320190315826500000001250105320180803070593035287100100000000012500000142000002661829    4                       1         
G0793003000026716    2019031320190315826100000004677105320190304070639035828000100000000046770000142000002671829    4                       1         
G0793003000026716    2019031320190315826800000007800105320190204070992035777900100000000078000000142000002681829    4                       1         
G0793003000026716    2019031320190315826800000004150105320190204070365035731300100000000041500000142000002691829    4                       1         
G0793003000026716    2019031320190315826800000004050105320190204070641035751400100000000040500000142000002701829    4                       1         
G0793003000026716    2019031320190315826000000004050105320190204070926035772800100000000040500000142000002711829    4                       1         
G0793003000026716    2019031320190315826600000004400105320190204070179035716500100000000044000000142000002721829    4                       1         
G0793003000026716    2019031320190315826400000004050105320190204070639035751300100000000040500000142000002731829    4                       1         
G0793003000026716    2019031320190315826800000004236105320190304070305035804400100000000042360000142000002741829    4                       1         
G0793003000026716    2019031320190315826700000004754105320190304070639035828000100000000047540000142000002751829    4                       1         
G0793003000026716    2019031320190315826300000004358105320190304070516035819600100000000043580000142000002761829    4                       1         
G0793003000026716    2019031320190315826900000001300105320181002070033035403100100000000013000000142000002771829    4                       1         
G0793003000026716    2019031320190315826600000008600105320181101070442035508300100000000086000000142000002781829    4                       1         
G0793003000026716    2019031320190315826300000004090105320190304070649035828700100000000040900000142000002791829    4                       1         
G0793003000026716    2019031320190315826800000008600105320190204000210002562500100000000086000000142000002801116    4                       1         
G0793003000026716    2019031320190315826800000008577105320190304000628002632500100000000085770000142000002811116    4                       1         
G0793003000026716    2019031320190315826800000004150105320190204000055002553600100000000041500000142000002821116    4                       1         
G0793003000026716    2019031320190315826900000004348105320190304000600002631000100000000043480000142000002831116    4                       1         
G0793003000026716    2019031320190315826900000004150105320190204000395002572400100000000041500000142000002841116    4                       1         
G0793003000026716    2019031320190315826600000001392105320190304000239002612300100000000013920000142000002851116    4                       1         
G0793003000026716    2019031320190315826500000010787105320190304000749002639600100000000107870000142000002861116    4                       1         
G0793003000026716    2019031320190315826500000008500105320190204000158002559200100000000085000000142000002871116    4                       1         
G0793003000026716    2019031320190315826500000008440105320190304000301002615200100000000084400000142000002881116    4                       1         
G0793003000026716    2019031320190315826500000004398105320190304000591002630700100000000043980000142000002891116    4                       1         
G0793003000026716    2019031320190315826500000004270105320190304000785002642000100000000042700000142000002901116    4                       1         
G0793003000026716    2019031320190315826100000011600105320190204070599035748600100000000116000000142000002911829    4                       1         
G0793003000026716    2019031320190315826500000004150105320190204000591002584000100000000041500000142000002921116    4                       1         
G0793003000026716    2019031320190315826700000004669105320190325070046020311100100000000046690000142000002931829    4                       1         
G0793003000026716    2019031320190315826100000004270105320190304000770002641100100000000042700000142000002941116    4                       1         
G0793003000026716    2019031320190315826000000014250105320190204000491002577600100000000142500000142000002951116    4                       1         
G0793003000026716    2019031320190315826200000004385105320190314001691010613100100000000043850000142000002961829    4                       1         
G0793003000026716    2019031320190315826500000004290105320190314001423010596900100000000042900000142000002971829    4                       1         
G0793003000026716    2019031320190315826500000004230105320190306000487045041200100000000042300000142000002981829    4                       1         
G0793003000026716    2019031320190315826700000004230105320190306000642045053900100000000042300000142000002991829    4                       1         
G0793003000026716    2019031320190315826300000011741105320190306000204045017700100000000117410000142000003001829    4                       1         
G0793003000026716    2019031320190315826800000004230105320190306000028045002200100000000042300000142000003011829    4                       1         
G0793003000026716    2019031320190315826000000005650105320190221000323014293400100000000056500000142000003023089    4                       1         
G0793003000026716    2019031320190315826400000004294105320190221000652014322700100000000042940000142000003033089    4                       1         
G0793003000026716    2019031320190315826500000007882105320190321000387014382600100000000078820000142000003043089    4                       1         
G0793003000026716    2019031320190315826400000004293105320190221000260014287600100000000042930000142000003053089    4                       1         
G0793003000026716    2019031320190315826400000004260105320190321000639014405100100000000042600000142000003063089    4                       1         
G0793003000026716    2019031320190315826400000004260105320190321000215014367000100000000042600000142000003073089    4                       1         
G0793003000026716    2019031320190315826300000016385105320190221000434014303400100000000163850000142000003083089    4                       1         
G0793003000026716    2019031320190315826300000010860105320190221000222014284200100000000108600000142000003093089    4                       1         
G0793003000026716    2019031320190315826300000008938105320190221000939014345800100000000089380000142000003103089    4                       1         
G0793003000026716    2019031320190315826300000005420105320190321000207014366300100000000054200000142000003113089    4                       1         
G0793003000026716    2019031320190315826300000004313105320190221000349014295700100000000043130000142000003123089    4                       1         
G0793003000026716    2019031320190315826300000004272105320190321000532014395900100000000042720000142000003133089    4                       1         
G0793003000026716    2019031320190315826800000001320105320190321000071014354400100000000013200000142000003143089    4                       1         
G0793003000026716    2019031320190315826700000004841105320190321000038014351400100000000048410000142000003153089    4                       1         
G0793003000026716    2019031320190315826900000006710105320190225070084020286900100000000067100000142000003161829    4                       1         
G0793003000026716    2019031320190315826000000011660105320190301002036000843700100000000116600000142000003171141    4                       1         
G0793003000026716    2019031320190315826900000004254105320190225070258020297600100000000042540000142000003181829    4                       1         
G0793003000026716    2019031320190315826400000004488105320190301000524000736900100000000044880000142000003191141    4                       1         
G0793003000026716    2019031320190315826400000004459105320190301000338000722300100000000044590000142000003201141    4                       1         
G0793003000026716    2019031320190315826400000004350105320190201000750000588900100000000043500000142000003211141    4                       1         
G0793003000026716    2019031320190315826400000004300105320190201001584000647900100000000043000000142000003221141    4                       1         
G0793003000026716    2019031320190315826400000004300105320190201000418000561700100000000043000000142000003231141    4                       1         
G0793003000026716    2019031320190315826400000004280105320190315002215000862900100000000042800000142000003241141    4                       1         
G0793003000026716    2019031320190315826400000004200105320190201000428000562600100000000042000000142000003251141    4                       1         
G0793003000026716    2019031320190315826300000008239105320190301001349000797000100000000082390000142000003261141    4                       1         
G0793003000026716    2019031320190315826300000006859105320190301000618000744600100000000068590000142000003271141    4                       1         
G0793003000026716    2019031320190315826300000004283105320190301001904000834300100000000042830000142000003281141    4                       1         
G0793003000026716    2019031320190315826900000004800105320190201000874000598900100000000048000000142000003291141    4                       1         
G0793003000026716    2019031320190315826300000004270105320190301001485000805600100000000042700000142000003301141    4                       1         
G0793003000026716    2019031320190315826200000009540105320190301001833000829400100000000095400000142000003311141    4                       1         
G0793003000026716    2019031320190315826700000013850105320190301000329000721500100000000138500000142000003321141    4                       1         
G0793003000026716    2019031320190315826700000010807105320190301002129000850100100000000108070000142000003331141    4                       1         
G0793003000026716    2019031320190315826700000004800105320190201002036000680500100000000048000000142000003341141    4                       1         
G0793003000026716    2019031320190315826200000008048105320190301002020000842500100000000080480000142000003351141    4                       1         
G0793003000026716    2019031320190315826200000006024105320190301000416000728400100000000060240000142000003361141    4                       1         
G0793003000026716    2019031320190315826700000004499105320190301000324000721100100000000044990000142000003371141    4                       1         
G0793003000026716    2019031320190315826700000004350105320190201001485000641500100000000043500000142000003381141    4                       1         
G0793003000026716    2019031320190315826200000004302105320190301001083000778700100000000043020000142000003391141    4                       1         
G0793003000026716    2019031320190315826200000004300105320190301001325000795200100000000043000000142000003401141    4                       1         
G0793003000026716    2019031320190315826200000004244105320190301002031000843400100000000042440000142000003411141    4                       1         
G0793003000026716    2019031320190315826100000015550105320190301001698000819900100000000155500000142000003421141    4                       1         
G0793003000026716    2019031320190315826800000013677105320190301000063000701700100000000136770000142000003431141    4                       1         
G0793003000026716    2019031320190315826800000004300105320181203000161000196000100000000043000000142000003441141    4                       1         
G0793003000026716    2019031320190315826800000004292105320190301000876000764000100000000042920000142000003451141    4                       1         
G0793003000026716    2019031320190315826800000004260105320190215000684018117500100000000042600000142000003461141    4                       1         
G0793003000026716    2019031320190315826900000004391105320190301001612000813800100000000043910000142000003471141    4                       1         
G0793003000026716    2019031320190315826900000004369105320190301001852000830600100000000043690000142000003481141    4                       1         
G0793003000026716    2019031320190315826900000004342105320190315000684018174500100000000043420000142000003491141    4                       1         
G0793003000026716    2019031320190315826900000004300105320190201001824000665500100000000043000000142000003501141    4                       1         
G0793003000026716    2019031320190315826900000004288105320190301000352000723400100000000042880000142000003511141    4                       1         
G0793003000026716    2019031320190315826600000011107105320190301000606000743700100000000111070000142000003521141    4                       1         
G0793003000026716    2019031320190315826500000005782105320190301001829000829300100000000057820000142000003531141    4                       1         
G0793003000026716    2019031320190315826500000005113105320190301000879000764200100000000051130000142000003541141    4                       1         
G0793003000026716    2019031320190315826500000004495105320190301001444000802600100000000044950000142000003551141    4                       1         
G0793003000026716    2019031320190315826500000004409105320190301001658000817100100000000044090000142000003561141    4                       1         
G0793003000026716    2019031320190315826500000004391105320190301000370000724600100000000043910000142000003571141    4                       1         
G0793003000026716    2019031320190315826500000004390105320190301000808000758700100000000043900000142000003581141    4                       1         
G0793003000026716    2019031320190315826500000004381105320190301002217000856400100000000043810000142000003591141    4                       1         
G0793003000026716    2019031320190315826900000004110105320190325070149020317700100000000041100000142000003601829    4                       1         
G0793003000026716    2019031320190315826900000004106105320190325070383020332800100000000041060000142000003611829    4                       1         
G0793003000026716    2019031320190315826500000004378105320190301000925000767400100000000043780000142000003621141    4                       1         
G0793003000026716    2019031320190315826500000004373105320190301001825000828900100000000043730000142000003631141    4                       1         
G0793003000026716    2019031320190315826600000011028105320190301001226000789200100000000110280000142000003641141    4                       1         
G0793003000026716    2019031320190315826600000006100105320190201002100000685000100000000061000000142000003651141    4                       1         
G0793003000026716    2019031320190315826600000005526105320190301000116000705900100000000055260000142000003661141    4                       1         
G0793003000026716    2019031320190315826600000005404105320190301001907000834500100000000054040000142000003671141    4                       1         
G0793003000026716    2019031320190315826600000005094105320190301000750000754100100000000050940000142000003681141    4                       1         
G0793003000026716    2019031320190315826600000004450105320190201000876000599100100000000044500000142000003691141    4                       1         
G0793003000026716    2019031320190315826500000004200105320190201000482000567000100000000042000000142000003701141    4                       1         
G0793003000026716    2019031320190315826400000011150105320190201000546000572600100000000111500000142000003711141    4                       1         
G0793003000026716    2019031320190315826400000005152105320190301000883000764500100000000051520000142000003721141    4                       1         
G0793003000026716    2019031320190315826600000004450105320190201000416000561600100000000044500000142000003731141    4                       1         
G0793003000026716    2019031320190315826000000004532105320190301000784000756900100000000045320000142000003741141    4                       1         
G0793003000026716    2019031320190315826600000004390105320190301001742000823100100000000043900000142000003751141    4                       1         
G0793003000026716    2019031320190315826600000004379105320190301000270000716900100000000043790000142000003761141    4                       1         
G0793003000026716    2019031320190315826600000004352105320190301001430000802000100000000043520000142000003771141    4                       1         
G0793003000026716    2019031320190315826600000004269105320190301000334000721900100000000042690000142000003781141    4                       1         
G0793003000026716    2019031320190315826000000004350105320190201001612000650100100000000043500000142000003791141    4                       1         
G0793003000026716    2019031320190315826000000004200105320190301000196000861200100000000042000000142000003801141    4                       1         
G0793003000026716    2019031320190315826600000010428105320190225070011020282900100000000104280000142000003811829    4                       1         
G0793003000026716    2019031320190315826000000004200105320190201000161000694900100000000042000000142000003821141    4                       1         
G0793003000026716    2019031320190315826900000007314105320190301000870000763600100000000073140000142000003831141    4                       1         
G0793003000026716    2019031320190315826100000001359105320190325070039020310900100000000013590000142000003841829    4                       1         
G0793003000026716    2019031320190315826000000001340105320190325070105020314800100000000013400000142000003851829    4                       1         
G0793003000026716    2019031320190315826000000004110105320190325070269020324900100000000041100000142000003861829    4                       1         
G0793003000026716    2019031320190315826100000006432105320190225070219020295500100000000064320000142000003871829    4                       1         
G0793003000026716    2019031320190315826100000004110105320190325070348020330700100000000041100000142000003881829    4                       1         
G0793003000026716    2019031320190315826900000011741105320190315000624022198000100000000117410000142000003893738    4                       1         
G0793003000026716    2019031320190315826400000004260105320190215000638022129000100000000042600000142000003903738    4                       1         
G0793003000026716    2019031320190315826400000004260105320190215000088022080100100000000042600000142000003913738    4                       1         
G0793003000026716    2019031320190315826400000004230105320190315000010022144700100000000042300000142000003923738    4                       1         
G0793003000026716    2019031320190315826300000004230105320190315000026022145800100000000042300000142000003933738    4                       1         
G0793003000026716    2019031320190315826300000004347105320190315000614022197100100000000043470000142000003943738    4                       1         
G0793003000026716    2019031320190315826800000014400105320190215000574022123400100000000144000000142000003953738    4                       1         
G0793003000026716    2019031320190315826200000005973105320190315000596022195700100000000059730000142000003963738    4                       1         
G0793003000026716    2019031320190315826700000004422105320190315000187022159900100000000044220000142000003973738    4                       1         
G0793003000026716    2019031320190315826600000004230105320190315000007022144400100000000042300000142000003983738    4                       1         
G0793003000026716    2019031320190315826900000004352105320190215000527022119000100000000043520000142000003993738    4                       1         
G0793003000026716    2019031320190315826800000004841105320190215000650022129800100000000048410000142000004003738    4                       1         
G0793003000026716    2019031320190315826900000004351105320190315000563022192700100000000043510000142000004013738    4                       1         
G0793003000026716    2019031320190315826900000004230105320190315000819022211500100000000042300000142000004023738    4                       1         
G0793003000026716    2019031320190315826600000004230105320190315000641022199200100000000042300000142000004033738    4                       1         
G0793003000026716    2019031320190315826600000004230105320190315000370022176400100000000042300000142000004043738    4                       1         
G0793003000026716    2019031320190315826500000004230105320190315000649022199800100000000042300000142000004053738    4                       1         
G0793003000026716    2019031320190315826600000009364105320190315000453022183300100000000093640000142000004063738    4                       1         
G0793003000026716    2019031320190315826100000006500105320190201000305000552400100000000065000000142000004071141    4                       1         
G0793003000026716    2019031320190315826100000004450105320190201001904000671100100000000044500000142000004081141    4                       1         
G0793003000026716    2019031320190315826100000004261105320190301001874000832100100000000042610000142000004091141    4                       1         
G0793003000026716    2019031320190315826100000004200105320190201000338000555200100000000042000000142000004101141    4                       1         
G0793003000026716    2019031320190315826000000006029105320190301000173000709500100000000060290000142000004111141    4                       1         
G0793003000026716    2019031320190315826000000013540105320190314000093010509000100000000135400000142000004121829    4                       1         
G0793003000026716    2019031320190315826400000004310105320190314000661010547900100000000043100000142000004131829    4                       1         
G0793003000026716    2019031320190315826400000004290105320190314001197010582000100000000042900000142000004141829    4                       1         
G0793003000026716    2019031320190315826400000004247105320190314001627010609600100000000042470000142000004151829    4                       1         
G0793003000026716    2019031320190315826400000001331105320190304070063035788200100000000013310000142000004161829    4                       1         
G0793003000026716    2019031320190315826300000005414105320190314001359010592500100000000054140000142000004171829    4                       1         
G0793003000026716    2019031320190315826700000012665105320190314000880010564600100000000126650000142000004181829    4                       1         
G0793003000026716    2019031320190315826700000010850105320190314001624010609400100000000108500000142000004191829    4                       1         
G0793003000026716    2019031320190315826700000007925105320190314000071010507400100000000079250000142000004201829    4                       1         
G0793003000026716    2019031320190315826700000007253105320190314000976010569500100000000072530000142000004211829    4                       1         
G0793003000026716    2019031320190315826700000006650105320190314000983010570000100000000066500000142000004221829    4                       1         
G0793003000026716    2019031320190315826700000005753105320190314000918010566200100000000057530000142000004231829    4                       1         
G0793003000026716    2019031320190315826200000006195105320190314001350010591700100000000061950000142000004241829    4                       1         
G0793003000026716    2019031320190315826700000004540105320190314000794010558200100000000045400000142000004251829    4                       1         
G0793003000026716    2019031320190315826200000004400105320190214001140010458900100000000044000000142000004261829    4                       1         
G0793003000026716    2019031320190315826200000004350105320190214000092010387700100000000043500000142000004271829    4                       1         
G0793003000026716    2019031320190315826200000007309105320190321000005014348300100000000073090000142000004283089    4                       1         
G0793003000026716    2019031320190315826200000004451105320190221000160014278700100000000044510000142000004293089    4                       1         
G0793003000026716    2019031320190315826200000004448105320190221000253014286900100000000044480000142000004303089    4                       1         
G0793003000026716    2019031320190315826200000004444105320190221000695014326500100000000044440000142000004313089    4                       1         
G0793003000026716    2019031320190315826200000004340105320190321000048014352300100000000043400000142000004323089    4                       1         
G0793003000026716    2019031320190315826200000004260105320190321000439014387400100000000042600000142000004333089    4                       1         
G0793003000026716    2019031320190315826200000004260105320190321000269014372000100000000042600000142000004343089    4                       1         
G0793003000026716    2019031320190315826200000004260105320190321000037014351300100000000042600000142000004353089    4                       1         
G0793003000026716    2019031320190315826200000004253105320190321000561014398200100000000042530000142000004363089    4                       1         
G0793003000026716    2019031320190315826200000004237105320190321000235014368800100000000042370000142000004373089    4                       1         
G0793003000026716    2019031320190315826800000006178105320190221000454014305400100000000061780000142000004383089    4                       1         
G0793003000026716    2019031320190315826800000004260105320190321000373014381300100000000042600000142000004393089    4                       1         
G0793003000026716    2019031320190315826800000004246105320190321000143014360900100000000042460000142000004403089    4                       1         
G0793003000026716    2019031320190315826900000004822105320190321000105014357500100000000048220000142000004413089    4                       1         
G0793003000026716    2019031320190315826900000004319105320190221000120014275100100000000043190000142000004423089    4                       1         
G0793003000026716    2019031320190315826900000004260105320190321000147014361200100000000042600000142000004433089    4                       1         
G0793003000026716    2019031320190315826600000004260105320190321000058014353200100000000042600000142000004443089    4                       1         
G0793003000026716    2019031320190315826500000004353105320190321000447014388100100000000043530000142000004453089    4                       1         
G0793003000026716    2019031320190315826500000004272105320190321000793014417700100000000042720000142000004463089    4                       1         
G0793003000026716    2019031320190315826600000004480105320190221000174014279900100000000044800000142000004473089    4                       1         
G0793003000026716    2019031320190315826400000007908105320190321000199014365600100000000079080000142000004483089    4                       1         
G0793003000026716    2019031320190315826400000007176105320190321000050014352500100000000071760000142000004493089    4                       1         
G0793003000026716    2019031320190315826600000004398105320190221000638014321400100000000043980000142000004503089    4                       1         
G0793003000026716    2019031320190315826600000004381105320190321000069014354200100000000043810000142000004513089    4                       1         
G0793003000026716    2019031320190315826600000004320105320190221000033014266900100000000043200000142000004523089    4                       1         
G0793003000026716    2019031320190315826000000004443105320190221000650014322500100000000044430000142000004533089    4                       1         
G0793003000026716    2019031320190315826000000004325105320190221000377014298300100000000043250000142000004543089    4                       1         
G0793003000026716    2019031320190315826900000036959105320190321000568014398900100000000369590000142000004553089    4                       1         
G0793003000026716    2019031320190315826000000004260105320190321000502014393200100000000042600000142000004563089    4                       1         
G0793003000026716    2019031320190315826000000004260105320190321000118014358600100000000042600000142000004573089    4                       1         
G0793003000026716    2019031320190315826000000004260105320190321000063014353600100000000042600000142000004583089    4                       1         
G0793003000026716    2019031320190315826000000004251105320190321000007014348500100000000042510000142000004593089    4                       1         
G0793003000026716    2019031320190315826000000001446105320190321000804014418600100000000014460000142000004603089    4                       1         
G0793003000026716    2019031320190315826100000006141105320190221000412014301200100000000061410000142000004613089    4                       1         
G0793003000026716    2019031320190315826100000004527105320190221000496014309200100000000045270000142000004623089    4                       1         
G0793003000026716    2019031320190315826100000004271105320190321000248014369900100000000042710000142000004633089    4                       1         
G0793003000026716    2019031320190315826000000001332105320190321000540014396700100000000013320000142000004643089    4                       1         
G0793003000026716    2019031320190315826400000001322105320190325070390020333300100000000013220000142000004651829    4                       1         
G0793003000026716    2019031320190315826300000004110105320190325070150020317800100000000041100000142000004661829    4                       1         
G0793003000026716    2019031320190315826300000004050105320190124070033020282300100000000040500000142000004671829    4                       1         
G0793003000026716    2019031320190315826300000001322105320190325070298020327400100000000013220000142000004681829    4                       1         
G0793003000026716    2019031320190315826200000001314105320190325070226020322500100000000013140000142000004691829    4                       1         
Z00047100000000002551476                                                                                                                              
