A2201053              HIDROFORTETOCANTINS 104CAIXA ECON. FEDERAL 2019031500157103                                                                     
G0793003000026716    2019031420190315826200000008406105300100000071211081853700000000000084060000142000000012525    3                       1         
G0793003000026716    2019031420190315826100000004255105320190314000244010519900100000000042550000142000000023089    3                       1         
G0793003000026716    2019031420190315826200000005973105320190325000255024094600100000000059730000142000000030912    3                       1         
G0793003000026716    2019031420190315826200000003962105320190304060690002714900100000000039620000142000000043738    3                       1         
G0793003000026716    2019031420190315826700000006053105320190221000057014269200100000000060530000142000000053002    3                       1         
G0793003000026716    2019031420190318826300000005747105320190301002023000842800100000000057470000142000000061141    4                       1         
G0793003000026716    2019031420190318826600000001378105300100000071768081905700000000000013780000142000000073939    4                       1         
G0793003000026716    2019031420190318826600000004204105300100000071941081922400000000000042040000142000000083939    4                       1         
G0793003000026716    2019031420190318826300000001326105300100000070418081778500000000000013260000142000000093939    4                       1         
G0793003000026716    2019031420190318826800000004323105300100000070365081773500000000000043230000142000000103939    4                       1         
G0793003000026716    2019031420190318826700000001300105300100000071768081732300000000000013000000142000000113939    4                       1         
G0793003000026716    2019031420190318826600000009113105300100000070595081795100000000000091130000142000000123939    4                       1         
G0793003000026716    2019031420190318826300000007900105300100000072018081928500000000000079000000142000000133939    4                       1         
G0793003000026716    2019031420190318826300000007800105300100000071153081848300000000000078000000142000000143939    4                       1         
G0793003000026716    2019031420190318826200000004247105300100000070674081803000000000000042470000142000000153939    4                       1         
G0793003000026716    2019031420190318826100000004180105300100000071555081885600000000000041800000142000000163939    4                       1         
G0793003000026716    2019031420190318826000000005848105300100000070169081760700000000000058480000142000000173939    4                       1         
G0793003000026716    2019031420190318826800000001397105300100000070966081830100000000000013970000142000000183939    4                       1         
G0793003000026716    2019031420190318826900000001284105300100000071718081901000000000000012840000142000000193939    4                       1         
G0793003000026716    2019031420190318826300000006274105300100000070368081773800000000000062740000142000000203939    4                       1         
G0793003000026716    2019031420190318826000000004306105300100000071636081893300000000000043060000142000000213939    4                       1         
G0793003000026716    2019031420190318826700000015850105300100000071311081863600000000000158500000142000000223939    4                       1         
G0793003000026716    2019031420190318826700000005800105300100000070271081764700000000000058000000142000000233939    4                       1         
G0793003000026716    2019031420190318826700000003550105300100000070282081418900000000000035500000142000000243939    4                       1         
G0793003000026716    2019031420190318826900000003055105300100000071149081847900000000000030550000142000000253939    4                       1         
G0793003000026716    2019031420190318826300000004214105300100000071809081909800000000000042140000142000000263939    4                       1         
G0793003000026716    2019031420190318826400000010636105300100000070755081810800000000000106360000142000000273939    4                       1         
G0793003000026716    2019031420190318826200000001345105300100000070398081776700000000000013450000142000000283939    4                       1         
G0793003000026716    2019031420190318826800000017911105300100000071088081842100000000000179110000142000000293939    4                       1         
G0793003000026716    2019031420190318826400000014202105300100000071290081861500000000000142020000142000000303939    4                       1         
G0793003000026716    2019031420190318826800000004235105300100000071287081861200000000000042350000142000000313939    4                       1         
G0793003000026716    2019031420190318826800000004230105300100000070621081797700000000000042300000142000000323939    4                       1         
G0793003000026716    2019031420190318826800000004121105300100000071387081870900000000000041210000142000000333939    4                       1         
G0793003000026716    2019031420190318826500000019900105300100000071800081735500000000000199000000142000000343939    4                       1         
G0793003000026716    2019031420190318826500000018699105300100000071800081908900000000000186990000142000000353939    4                       1         
G0793003000026716    2019031420190318826400000007034105300100000070670081802600000000000070340000142000000363939    4                       1         
G0793003000026716    2019031420190318826700000001348105300100000071963081924500000000000013480000142000000373939    4                       1         
G0793003000026716    2019031420190318826000000004238105300100000070666081802200000000000042380000142000000383939    4                       1         
G0793003000026716    2019031420190318826000000001356105300100000071841081912900000000000013560000142000000393939    4                       1         
G0793003000026716    2019031420190318826500000004350105300100000061184002547900000000000043500000142000000403738    4                       1         
G0793003000026716    2019031420190318826100000012100105300100000061327002665600000000000121000000142000000413738    4                       1         
G0793003000026716    2019031420190318826600000007080105320190304060363002687100100000000070800000142000000423738    4                       1         
G0793003000026716    2019031420190318826900000006200105320190214000808010439400100000000062000000142000000431829    4                       1         
G0793003000026716    2019031420190318826800000003844105320190304060096002670900100000000038440000142000000443738    4                       1         
G0793003000026716    2019031420190318826800000010100105320190204070852035767500100000000101000000142000000451829    4                       1         
G0793003000026716    2019031420190318826300000004262105320190304070180035794100100000000042620000142000000461829    4                       1         
G0793003000026716    2019031420190318826400000007690105320190304070724035835000100000000076900000142000000471829    4                       1         
G0793003000026716    2019031420190318826700000004307105320190304070293035803400100000000043070000142000000481829    4                       1         
G0793003000026716    2019031420190318826300000005391105320190304061189002758800100000000053910000142000000493738    4                       1         
G0793003000026716    2019031420190318826900000004550105320190214000913010446100100000000045500000142000000501829    4                       1         
G0793003000026716    2019031420190318826900000004390105320190314001360010592600100000000043900000142000000511829    4                       1         
G0793003000026716    2019031420190318826000000003907105320190304061197002759500100000000039070000142000000523738    4                       1         
G0793003000026716    2019031420190318826900000005701105320190304060232002676200100000000057010000142000000533738    4                       1         
G0793003000026716    2019031420190318826000000004262105320190304070181035794200100000000042620000142000000541829    4                       1         
G0793003000026716    2019031420190318826800000004102105320190304070298035803900100000000041020000142000000551829    4                       1         
G0793003000026716    2019031420190318826600000006550105320190201001536000645000100000000065500000142000000561141    4                       1         
G0793003000026716    2019031420190318826200000019600105320190201000907000601100100000000196000000142000000571141    4                       1         
G0793003000026716    2019031420190318826500000007339105320190301001731000822200100000000073390000142000000581141    4                       1         
G0793003000026716    2019031420190318826200000004281105320190301000407000727600100000000042810000142000000591141    4                       1         
G0793003000026716    2019031420190318826700000005550105320190201002055000681700100000000055500000142000000601141    4                       1         
G0793003000026716    2019031420190318826700000004400105320190201000308000552700100000000044000000142000000611141    4                       1         
G0793003000026716    2019031420190318826700000004200105320190301002193000859000100000000042000000142000000621141    4                       1         
G0793003000026716    2019031420190318826900000004200105320190201000739000588100100000000042000000142000000631141    4                       1         
G0793003000026716    2019031420190318826900000004200105320190103002193000524600100000000042000000142000000641141    4                       1         
G0793003000026716    2019031420190318826800000005750105320190201001530000644700100000000057500000142000000651141    4                       1         
G0793003000026716    2019031420190318826800000001209105320190304060393002689500100000000012090000142000000663738    4                       1         
G0793003000026716    2019031420190318826700000004090105320190304070255035800400100000000040900000142000000671829    4                       1         
G0793003000026716    2019031420190318826900000004188105320190304070283035802600100000000041880000142000000681829    4                       1         
G0793003000026716    2019031420190318826800000004420105320190301001536000809100100000000044200000142000000691141    4                       1         
G0793003000026716    2019031420190318826300000006668105320190301000513000736000100000000066680000142000000701141    4                       1         
G0793003000026716    2019031420190318826300000005390105320190301001530000808800100000000053900000142000000711141    4                       1         
G0793003000026716    2019031420190318826300000004478105320190301001720000821400100000000044780000142000000721141    4                       1         
G0793003000026716    2019031420190318826300000004390105320190301000604000743500100000000043900000142000000731141    4                       1         
G0793003000026716    2019031420190318826300000004379105320190301001627000815000100000000043790000142000000741141    4                       1         
G0793003000026716    2019031420190318826300000004278105320190301001260000791100100000000042780000142000000751141    4                       1         
G0793003000026716    2019031420190318826400000005690105320190301000005000697700100000000056900000142000000761141    4                       1         
G0793003000026716    2019031420190318826500000005700105320190301002049000844400100000000057000000142000000771141    4                       1         
G0793003000026716    2019031420190318826900000004290105320190314001173010580700100000000042900000142000000781829    4                       1         
G0793003000026716    2019031420190318826900000004290105320190314000030010504600100000000042900000142000000791829    4                       1         
G0793003000026716    2019031420190318826000000004290105320190314000248010520000100000000042900000142000000801829    4                       1         
G0793003000026716    2019031420190318826100000009336105320190304060715002717200100000000093360000142000000813738    4                       1         
G0793003000026716    2019031420190318826300000003857105320190304061180002757900100000000038570000142000000823738    4                       1         
G0793003000026716    2019031420190318826300000001218105320190304061202002759900100000000012180000142000000833738    4                       1         
G0793003000026716    2019031420190318826300000001189105320190304060202002673900100000000011890000142000000843738    4                       1         
G0793003000026716    2019031420190318826500000005498105320190301001739000822800100000000054980000142000000851141    4                       1         
G0793003000026716    2019031420190318826500000004453105320190301001078000778300100000000044530000142000000861141    4                       1         
G0793003000026716    2019031420190318826500000004447105320190301002029000843200100000000044470000142000000871141    4                       1         
G0793003000026716    2019031420190318826400000004200105320190301000500000857800100000000042000000142000000881141    4                       1         
G0793003000026716    2019031420190318826600000012167105320190301002067000845700100000000121670000142000000891141    4                       1         
G0793003000026716    2019031420190318826900000007365105320190301000191000710800100000000073650000142000000901141    4                       1         
G0793003000026716    2019031420190318826100000005540105320190301002055000844800100000000055400000142000000911141    4                       1         
G0793003000026716    2019031420190318826100000005439105320190301000843000761500100000000054390000142000000921141    4                       1         
G0793003000026716    2019031420190318826100000004434105320190301001804000827300100000000044340000142000000931141    4                       1         
G0793003000026716    2019031420190318826100000004386105320190301000452000731300100000000043860000142000000941141    4                       1         
G0793003000026716    2019031420190318826100000004304105320190301000402000727100100000000043040000142000000951141    4                       1         
G0793003000026716    2019031420190318826900000006763105320190301000739000753200100000000067630000142000000961141    4                       1         
G0793003000026716    2019031420190318826000000014583105320190301001383000799400100000000145830000142000000971141    4                       1         
G0793003000026716    2019031420190318826900000005535105320190301000308000719800100000000055350000142000000981141    4                       1         
G0793003000026716    2019031420190318826900000004381105320190301001858000831000100000000043810000142000000991141    4                       1         
G0793003000026716    2019031420190318826900000004377105320190301001487000805800100000000043770000142000001001141    4                       1         
G0793003000026716    2019031420190318826000000006950105320190201000821000594900100000000069500000142000001011141    4                       1         
G0793003000026716    2019031420190318826200000005418105320190304060980002740500100000000054180000142000001023738    4                       1         
G0793003000026716    2019031420190318826900000010832105320190304060548002702600100000000108320000142000001033738    4                       1         
G0793003000026716    2019031420190318826100000004064105320190304060448002694200100000000040640000142000001043738    4                       1         
G0793003000026716    2019031420190318826600000003883105320190304061175002757500100000000038830000142000001053738    4                       1         
G0793003000026716    2019031420190318826900000014250105320190204070285035725400100000000142500000142000001061829    4                       1         
G0793003000026716    2019031420190318826500000004800105320190204070405035734100100000000048000000142000001071829    4                       1         
G0793003000026716    2019031420190318826400000007936105320190221000617014319500100000000079360000142000001083089    4                       1         
G0793003000026716    2019031420190318826500000008635105320190321000135014360100100000000086350000142000001093089    4                       1         
G0793003000026716    2019031420190318826500000006743105320190221000952014346700100000000067430000142000001103089    4                       1         
G0793003000026716    2019031420190318826500000006735105320190221000872014340400100000000067350000142000001113089    4                       1         
G0793003000026716    2019031420190318826500000006568105320190321000853014422600100000000065680000142000001123089    4                       1         
G0793003000026716    2019031420190318826500000006003105320190321000487014391800100000000060030000142000001133089    4                       1         
G0793003000026716    2019031420190318826400000005407105320190321000238014369100100000000054070000142000001143089    4                       1         
G0793003000026716    2019031420190318826500000006001105320190321000500014393000100000000060010000142000001153089    4                       1         
G0793003000026716    2019031420190318826500000005427105320190321000067014354000100000000054270000142000001163089    4                       1         
G0793003000026716    2019031420190318826100000003906105320190304060659002712000100000000039060000142000001173738    4                       1         
G0793003000026716    2019031420190318826700000004446105320190304061106002751400100000000044460000142000001183738    4                       1         
G0793003000026716    2019031420190318826700000003912105320190304060683002714200100000000039120000142000001193738    4                       1         
G0793003000026716    2019031420190318826900000003855105320190304060447002694100100000000038550000142000001203738    4                       1         
G0793003000026716    2019031420190318826700000004208105320190304070907035847200100000000042080000142000001211829    4                       1         
G0793003000026716    2019031420190318826700000004110105320190304070878035845400100000000041100000142000001221829    4                       1         
G0793003000026716    2019031420190318826300000004016105320190304060822002726900100000000040160000142000001233738    4                       1         
G0793003000026716    2019031420190318826600000001123105320190304060677002713600100000000011230000142000001243738    4                       1         
G0793003000026716    2019031420190318826500000004372105320190321000091014356300100000000043720000142000001253089    4                       1         
G0793003000026716    2019031420190318826500000004260105320190321000425014386100100000000042600000142000001263089    4                       1         
G0793003000026716    2019031420190318826500000004260105320190321000281014373000100000000042600000142000001273089    4                       1         
G0793003000026716    2019031420190318826500000004260105320190321000106014357600100000000042600000142000001283089    4                       1         
G0793003000026716    2019031420190318826400000004894105320190221000696014326600100000000048940000142000001293089    4                       1         
G0793003000026716    2019031420190318826400000004665105320190221000630014320700100000000046650000142000001303089    4                       1         
G0793003000026716    2019031420190318826500000004240105320190321000931014428200100000000042400000142000001313089    4                       1         
G0793003000026716    2019031420190318826600000007139105320190321000211014366700100000000071390000142000001323089    4                       1         
G0793003000026716    2019031420190318826600000004424105320190221000612014319000100000000044240000142000001333089    4                       1         
G0793003000026716    2019031420190318826600000004260105320190321000546014397100100000000042600000142000001343089    4                       1         
G0793003000026716    2019031420190318826600000004260105320190321000513014394200100000000042600000142000001353089    4                       1         
G0793003000026716    2019031420190318826600000004260105320190321000456014389000100000000042600000142000001363089    4                       1         
G0793003000026716    2019031420190318826600000004260105320190321000083014355500100000000042600000142000001373089    4                       1         
G0793003000026716    2019031420190318826900000018850105320190121000076014183600100000000188500000142000001383089    4                       1         
G0793003000026716    2019031420190318826900000008057105320190321000368014381000100000000080570000142000001393089    4                       1         
G0793003000026716    2019031420190318826900000007139105320190321000631014404400100000000071390000142000001403089    4                       1         
G0793003000026716    2019031420190318826100000004841105320190321000009014348700100000000048410000142000001413089    4                       1         
G0793003000026716    2019031420190318826200000004850105320190221000572014315900100000000048500000142000001423089    4                       1         
G0793003000026716    2019031420190318826200000004372105320190321000541014396800100000000043720000142000001433089    4                       1         
G0793003000026716    2019031420190318826200000004320105320190221000144014277300100000000043200000142000001443089    4                       1         
G0793003000026716    2019031420190318826800000001320105320190321000491014392200100000000013200000142000001453089    4                       1         
G0793003000026716    2019031420190318826700000004434105320190221000646014322100100000000044340000142000001463089    4                       1         
G0793003000026716    2019031420190318826700000004351105320190321000769014415900100000000043510000142000001473089    4                       1         
G0793003000026716    2019031420190318826700000004296105320190221000079014271300100000000042960000142000001483089    4                       1         
G0793003000026716    2019031420190318826800000004391105320190321000271014372100100000000043910000142000001493089    4                       1         
G0793003000026716    2019031420190318826800000004260105320190321000948014429300100000000042600000142000001503089    4                       1         
G0793003000026716    2019031420190318826800000004260105320190321000608014402400100000000042600000142000001513089    4                       1         
G0793003000026716    2019031420190318826800000004260105320190321000335014377900100000000042600000142000001523089    4                       1         
G0793003000026716    2019031420190318826800000004253105320190321000659014407000100000000042530000142000001533089    4                       1         
G0793003000026716    2019031420190318826400000001320105320190321000458014389200100000000013200000142000001543089    4                       1         
G0793003000026716    2019031420190318826400000001320105320190321000382014382100100000000013200000142000001553089    4                       1         
G0793003000026716    2019031420190318826300000005692105320190221000786014333800100000000056920000142000001563089    4                       1         
G0793003000026716    2019031420190318826700000004260105320190321000932014428300100000000042600000142000001573089    4                       1         
G0793003000026716    2019031420190318826200000004467105320190304070405035811200100000000044670000142000001581829    4                       1         
G0793003000026716    2019031420190318826200000004050105320190204070568035746500100000000040500000142000001591829    4                       1         
G0793003000026716    2019031420190318826400000005314105320190304070461035815500100000000053140000142000001601829    4                       1         
G0793003000026716    2019031420190318826600000004290105320190304070903035846900100000000042900000142000001611829    4                       1         
G0793003000026716    2019031420190318826100000004050105320190204070724035758400100000000040500000142000001621829    4                       1         
G0793003000026716    2019031420190318826600000004050105320190204070454035782900100000000040500000142000001631829    4                       1         
G0793003000026716    2019031420190318826600000004229105320190304070170035793200100000000042290000142000001641829    4                       1         
G0793003000026716    2019031420190318826600000004090105320190304070568035823200100000000040900000142000001651829    4                       1         
G0793003000026716    2019031420190318826100000004090105320190304070456035815200100000000040900000142000001661829    4                       1         
G0793003000026716    2019031420190318826100000004090105320190304070446035814400100000000040900000142000001671829    4                       1         
G0793003000026716    2019031420190318826100000001338105320190304070569035823300100000000013380000142000001681829    4                       1         
G0793003000026716    2019031420190318826900000004367105320190304070764035837600100000000043670000142000001691829    4                       1         
G0793003000026716    2019031420190318826000000004150105320190204070298035726600100000000041500000142000001701829    4                       1         
G0793003000026716    2019031420190318826300000003750105320190304060820002772300100000000037500000142000001713089    4                       1         
G0793003000026716    2019031420190318826000000003498105320190306000580006856000100000000034980000142000001723863    4                       1         
G0793003000026716    2019031420190318826300000003200105320190306005930006915500100000000032000000142000001733863    4                       1         
G0793003000026716    2019031420190318826300000003149105320190306004100006887300100000000031490000142000001743863    4                       1         
G0793003000026716    2019031420190318826200000004850105320190205002690006803800100000000048500000142000001753863    4                       1         
G0793003000026716    2019031420190318826200000004085105320190306001890006868200100000000040850000142000001763863    4                       1         
G0793003000026716    2019031420190318826700000004350105320190306001200006861900100000000043500000142000001773863    4                       1         
G0793003000026716    2019031420190318826700000003222105320190306005612006906800100000000032220000142000001783863    4                       1         
G0793003000026716    2019031420190318826700000003200105320190205005930006845200100000000032000000142000001793863    4                       1         
G0793003000026716    2019031420190318826900000003400105320190205000580006784800100000000034000000142000001803863    4                       1         
G0793003000026716    2019031420190318826900000003140105320190306005532006900800100000000031400000142000001813863    4                       1         
G0793003000026716    2019031420190318826800000004730105320190306003240006879800100000000047300000142000001823863    4                       1         
G0793003000026716    2019031420190318826300000008495105320190306000230006852800100000000084950000142000001833863    4                       1         
G0793003000026716    2019031420190318826300000005030105320190306002690006874400100000000050300000142000001843863    4                       1         
G0793003000026716    2019031420190318826500000005250105320190205002850006805500100000000052500000142000001853863    4                       1         
G0793003000026716    2019031420190318826500000004794105320190306000780006858000100000000047940000142000001863863    4                       1         
G0793003000026716    2019031420190318826500000004783105320190306001415006863800100000000047830000142000001873863    4                       1         
G0793003000026716    2019031420190318826400000005041105320190306003319006880700100000000050410000142000001883863    4                       1         
G0793003000026716    2019031420190318826400000004950105320190205003319006810200100000000049500000142000001893863    4                       1         
G0793003000026716    2019031420190318826400000003268105320190306005618006907400100000000032680000142000001903863    4                       1         
G0793003000026716    2019031420190318826400000003200105320190306005536006901200100000000032000000142000001913863    4                       1         
G0793003000026716    2019031420190318826600000005232105320190306000450006854900100000000052320000142000001923863    4                       1         
G0793003000026716    2019031420190318826600000004922105320190306004000006886300100000000049220000142000001933863    4                       1         
G0793003000026716    2019031420190318826600000004800105320190205001250006791100100000000048000000142000001943863    4                       1         
G0793003000026716    2019031420190318826600000003200105320190205001890006797000100000000032000000142000001953863    4                       1         
G0793003000026716    2019031420190318826100000003100105320190306005951006916800100000000031000000142000001963863    4                       1         
G0793003000026716    2019031420190318826000000011400105320190205005624006837600100000000114000000142000001973863    4                       1         
G0793003000026716    2019031420190318826000000004260105320190215000610018111200100000000042600000142000001981141    4                       1         
G0793003000026716    2019031420190318826500000005973105320190315000303018144300100000000059730000142000001991141    4                       1         
G0793003000026716    2019031420190318826200000007100105320190115000285018023500100000000071000000142000002001141    4                       1         
G0793003000026716    2019031420190318826200000004841105320190215000558018106500100000000048410000142000002011141    4                       1         
G0793003000026716    2019031420190318826000000004368105320190301001303000793600100000000043680000142000002021141    4                       1         
G0793003000026716    2019031420190318826800000004322105320190315000070018126800100000000043220000142000002031141    4                       1         
G0793003000026716    2019031420190318826700000004230105320190315000141018132300100000000042300000142000002041141    4                       1         
G0793003000026716    2019031420190318826200000004230105320190315000462018156600100000000042300000142000002051141    4                       1         
G0793003000026716    2019031420190318826200000004395105320190315000177018134800100000000043950000142000002061141    4                       1         
G0793003000026716    2019031420190318826200000004365105320190215000557018106400100000000043650000142000002071141    4                       1         
G0793003000026716    2019031420190318826700000008621105320190315000116018130800100000000086210000142000002081141    4                       1         
G0793003000026716    2019031420190318826800000004260105320190215000495018100900100000000042600000142000002091141    4                       1         
G0793003000026716    2019031420190318826300000012650105320190215000716018119800100000000126500000142000002101141    4                       1         
G0793003000026716    2019031420190318826300000004260105320190215000503018101600100000000042600000142000002111141    4                       1         
G0793003000026716    2019031420190318826300000004362105320190215000130018071800100000000043620000142000002121141    4                       1         
G0793003000026716    2019031420190318826300000004260105320190215000102018069400100000000042600000142000002131141    4                       1         
G0793003000026716    2019031420190318826500000010850105320190215000555018106300100000000108500000142000002141141    4                       1         
G0793003000026716    2019031420190318826600000004230105320190315000524018161400100000000042300000142000002151141    4                       1         
G0793003000026716    2019031420190318826400000004230105320190315000615018169100100000000042300000142000002161141    4                       1         
G0793003000026716    2019031420190318826500000004393105320190215000234018080100100000000043930000142000002171141    4                       1         
G0793003000026716    2019031420190318826400000004342105320190315000340018146800100000000043420000142000002181141    4                       1         
G0793003000026716    2019031420190318826400000004230105320190315000472018157400100000000042300000142000002191141    4                       1         
G0793003000026716    2019031420190318826500000004230105320190315000663018173300100000000042300000142000002201141    4                       1         
G0793003000026716    2019031420190318826600000006147105320190315000390018150900100000000061470000142000002211141    4                       1         
G0793003000026716    2019031420190318826900000004399105320190215000045018064500100000000043990000142000002221141    4                       1         
G0793003000026716    2019031420190318826900000004356105320190315000280018142500100000000043560000142000002231141    4                       1         
G0793003000026716    2019031420190318826900000004272105320190215000092018068500100000000042720000142000002241141    4                       1         
G0793003000026716    2019031420190318826900000004260105320190215000572018107800100000000042600000142000002251141    4                       1         
G0793003000026716    2019031420190318826000000004230105320190315000130018131800100000000042300000142000002261141    4                       1         
G0793003000026716    2019031420190318826200000004230105320190306000996028070500100000000042300000142000002274481    4                       1         
G0793003000026716    2019031420190318826500000008460105320190306000095028005000100000000084600000142000002284481    4                       1         
G0793003000026716    2019031420190318826300000004230105320190306000078028004100100000000042300000142000002294481    4                       1         
G0793003000026716    2019031420190318826800000006554105320190306000898028063300100000000065540000142000002304481    4                       1         
G0793003000026716    2019031420190318826300000011741105320190306000573028036500100000000117410000142000002314481    4                       1         
G0793003000026716    2019031420190318826600000010850105320190306000189028010600100000000108500000142000002324481    4                       1         
G0793003000026716    2019031420190318826500000004230105320190306000983028069300100000000042300000142000002334481    4                       1         
G0793003000026716    2019031420190318826100000004811105320190306000329028019500100000000048110000142000002344481    4                       1         
G0793003000026716    2019031420190318826100000004230105320190306000653028043000100000000042300000142000002354481    4                       1         
G0793003000026716    2019031420190318826900000004230105320190306000870028061300100000000042300000142000002364481    4                       1         
G0793003000026716    2019031420190318826900000004230105320190306000118028006300100000000042300000142000002374481    4                       1         
G0793003000026716    2019031420190318826000000004230105320190306001022028072800100000000042300000142000002384481    4                       1         
G0793003000026716    2019031420190318826000000004230105320190306000075028003900100000000042300000142000002394481    4                       1         
G0793003000026716    2019031420190318826000000004230105320190306000054028003200100000000042300000142000002404481    4                       1         
G0793003000026716    2019031420190318826000000004364105320190304000463002622700100000000043640000142000002411116    4                       1         
G0793003000026716    2019031420190318826200000004279105320190304000692002636200100000000042790000142000002421116    4                       1         
G0793003000026716    2019031420190318826700000004270105320190304000677002635400100000000042700000142000002431116    4                       1         
G0793003000026716    2019031420190318826800000004456105320190304000786002642100100000000044560000142000002441116    4                       1         
G0793003000026716    2019031420190318826000000004350105320190201001078000613700100000000043500000142000002451141    4                       1         
G0793003000026716    2019031420190318826900000004298105320190314000936010567200100000000042980000142000002461829    4                       1         
G0793003000026716    2019031420190318826200000015250105320190214001240010465300100000000152500000142000002471829    4                       1         
G0793003000026716    2019031420190318826200000007250105320190214000155010392300100000000072500000142000002481829    4                       1         
G0793003000026716    2019031420190318826200000004290105320190314000953010568300100000000042900000142000002491829    4                       1         
G0793003000026716    2019031420190318826200000004285105320190314000563010540400100000000042850000142000002501829    4                       1         
G0793003000026716    2019031420190318826100000008713105320190314000903010565500100000000087130000142000002511829    4                       1         
G0793003000026716    2019031420190318826700000005456105320190314000780010557000100000000054560000142000002521829    4                       1         
G0793003000026716    2019031420190318826700000004260105320190321000227014368100100000000042600000142000002533089    4                       1         
G0793003000026716    2019031420190318826700000004260105320190321000197014365500100000000042600000142000002543089    4                       1         
G0793003000026716    2019031420190318826900000003769105320190321000495014392600100000000037690000142000002553089    4                       1         
G0793003000026716    2019031420190318826800000006147105320190221000615014319300100000000061470000142000002563089    4                       1         
G0793003000026716    2019031420190318826800000004403105320190221000908014343300100000000044030000142000002573089    4                       1         
G0793003000026716    2019031420190318826800000006995105320190221000324014293500100000000069950000142000002583089    4                       1         
G0793003000026716    2019031420190318826800000001568105320190225070331020303200100000000015680000142000002591829    4                       1         
G0793003000026716    2019031420190318826800000001426105320190225070104020288000100000000014260000142000002601829    4                       1         
G0793003000026716    2019031420190318826500000001383105320190225070221020295600100000000013830000142000002611829    4                       1         
G0793003000026716    2019031420190318826900000001322105320190325070047020311200100000000013220000142000002621829    4                       1         
G0793003000026716    2019031420190318826500000002435105320190325070051020311600100000000024350000142000002631829    4                       1         
G0793003000026716    2019031420190318826500000004110105320190325070266020324800100000000041100000142000002641829    4                       1         
G0793003000026716    2019031420190318826400000001460105320190225070401020307400100000000014600000142000002651829    4                       1         
G0793003000026716    2019031420190318826100000004133105320190225070226020295900100000000041330000142000002661829    4                       1         
G0793003000026716    2019031420190318826400000004110105320190325070367020331800100000000041100000142000002671829    4                       1         
G0793003000026716    2019031420190318826300000004262105320190225070232020296500100000000042620000142000002681829    4                       1         
G0793003000026716    2019031420190318826600000001301105320190325070301020327700100000000013010000142000002691829    4                       1         
G0793003000026716    2019031420190318826400000004078105320190325070056020311800100000000040780000142000002701829    4                       1         
G0793003000026716    2019031420190318826700000001332105320190325070299020327500100000000013320000142000002711829    4                       1         
G0793003000026716    2019031420190318826500000004242105320190225070322020302800100000000042420000142000002721829    4                       1         
G0793003000026716    2019031420190318826700000004500105320190214001465010480100100000000045000000142000002731829    4                       1         
G0793003000026716    2019031420190318826700000004300105320190214000728010432400100000000043000000142000002741829    4                       1         
G0793003000026716    2019031420190318826700000004290105320190314000717010551800100000000042900000142000002751829    4                       1         
G0793003000026716    2019031420190318826700000004290105320190314000363010527700100000000042900000142000002761829    4                       1         
G0793003000026716    2019031420190318826700000004290105320190314000149010513100100000000042900000142000002771829    4                       1         
G0793003000026716    2019031420190318826800000008690105320190314000345010526700100000000086900000142000002781829    4                       1         
G0793003000026716    2019031420190318826800000004550105320190214000565010419800100000000045500000142000002791829    4                       1         
G0793003000026716    2019031420190318826800000004450105320190214000998010451200100000000044500000142000002801829    4                       1         
G0793003000026716    2019031420190318826500000002940105320190314000747010554400100000000029400000142000002811829    4                       1         
G0793003000026716    2019031420190318826300000004450105320190214001620010489900100000000044500000142000002821829    4                       1         
G0793003000026716    2019031420190318826300000004317105320190314000549010539500100000000043170000142000002831829    4                       1         
G0793003000026716    2019031420190318826300000004300105320190314000278010522300100000000043000000142000002841829    4                       1         
G0793003000026716    2019031420190318826300000004290105320190314000724010552500100000000042900000142000002851829    4                       1         
G0793003000026716    2019031420190318826300000004290105320190314000281010522600100000000042900000142000002861829    4                       1         
G0793003000026716    2019031420190318826300000004290105320190314000274010522100100000000042900000142000002871829    4                       1         
G0793003000026716    2019031420190318826300000004271105320190314001700010613800100000000042710000142000002881829    4                       1         
G0793003000026716    2019031420190318826400000009454105320190314001003010571400100000000094540000142000002891829    4                       1         
G0793003000026716    2019031420190318826500000008546105320190314000437010532700100000000085460000142000002901829    4                       1         
G0793003000026716    2019031420190318826500000006850105320190214001768010498900100000000068500000142000002911829    4                       1         
G0793003000026716    2019031420190318826400000005425105320190314001737010616100100000000054250000142000002921829    4                       1         
G0793003000026716    2019031420190318826500000005376105320190314000596010543000100000000053760000142000002931829    4                       1         
G0793003000026716    2019031420190318826500000004950105320190214001234010464900100000000049500000142000002941829    4                       1         
G0793003000026716    2019031420190318826500000004849105320190314000159010513800100000000048490000142000002951829    4                       1         
G0793003000026716    2019031420190318826500000004290105320190314001131010578200100000000042900000142000002961829    4                       1         
G0793003000026716    2019031420190318826400000004390105320190314001323010590300100000000043900000142000002971829    4                       1         
G0793003000026716    2019031420190318826400000004290105320190314000782010557200100000000042900000142000002981829    4                       1         
G0793003000026716    2019031420190318826600000004857105320190314001367010593200100000000048570000142000002991829    4                       1         
G0793003000026716    2019031420190318826600000004448105320190314000042010505100100000000044480000142000003001829    4                       1         
G0793003000026716    2019031420190318826600000004271105320190314000601010543500100000000042710000142000003011829    4                       1         
G0793003000026716    2019031420190318826900000009050105320190214000412010409800100000000090500000142000003021829    4                       1         
G0793003000026716    2019031420190318826100000004450105320190214000242010398500100000000044500000142000003031829    4                       1         
G0793003000026716    2019031420190318826100000004300105320190214001201010462500100000000043000000142000003041829    4                       1         
G0793003000026716    2019031420190318826100000004276105320190314001158010580000100000000042760000142000003051829    4                       1         
G0793003000026716    2019031420190318826000000001322105320190325070384020332900100000000013220000142000003061829    4                       1         
G0793003000026716    2019031420190318826000000004260105320190215000605022126300100000000042600000142000003073738    4                       1         
G0793003000026716    2019031420190318826500000004400105320190304000313002615800100000000044000000142000003081116    4                       1         
G0793003000026716    2019031420190318826600000006560105320190304000721002637800100000000065600000142000003091116    4                       1         
G0793003000026716    2019031420190318826200000006008105320190215000128022083700100000000060080000142000003103738    4                       1         
G0793003000026716    2019031420190318826700000004260105320190215000542022120500100000000042600000142000003113738    4                       1         
G0793003000026716    2019031420190318826600000004230105320190315000758022208100100000000042300000142000003123738    4                       1         
G0793003000026716    2019031420190318826400000007878105320190315000077022150300100000000078780000142000003133738    4                       1         
G0793003000026716    2019031420190318826800000010212105320190315000081022150700100000000102120000142000003143738    4                       1         
G0793003000026716    2019031420190318826500000004260105320190215000198022089900100000000042600000142000003153738    4                       1         
G0793003000026716    2019031420190318826100000008621105320190315000100022152300100000000086210000142000003163738    4                       1         
G0793003000026716    2019031420190318826100000004230105320190315000382022177400100000000042300000142000003173738    4                       1         
G0793003000026716    2019031420190318826000000004260105320190215000516022118200100000000042600000142000003183738    4                       1         
G0793003000026716    2019031420190318826000000004230105320190315000139022155500100000000042300000142000003193738    4                       1         
G0793003000026716    2019031420190318826100000004150105320190204000313002568500100000000041500000142000003201116    4                       1         
G0793003000026716    2019031420190318826400000010850105320190225000616024059800100000000108500000142000003211737    4                       1         
G0793003000026716    2019031420190318826900000004245105320190304000772002641200100000000042450000142000003221116    4                       1         
G0793003000026716    2019031420190318826000000004230105320190306000551045046700100000000042300000142000003231829    4                       1         
G0793003000026716    2019031420190318826400000006739105320190301000193000711000100000000067390000142000003241141    4                       1         
G0793003000026716    2019031420190318826700000008460105320190306000592045050200100000000084600000142000003251829    4                       1         
G0793003000026716    2019031420190318826200000004230105320190306000623045052400100000000042300000142000003261829    4                       1         
G0793003000026716    2019031420190318826800000004230105320190306000530045044700100000000042300000142000003271829    4                       1         
G0793003000026716    2019031420190318826300000004811105320190306000514045043400100000000048110000142000003281829    4                       1         
G0793003000026716    2019031420190318826600000007878105320190306000100045008500100000000078780000142000003291829    4                       1         
G0793003000026716    2019031420190318826400000006554105320190306000156045013100100000000065540000142000003301829    4                       1         
G0793003000026716    2019031420190318826300000004230105320190306000440045036900100000000042300000142000003311829    4                       1         
G0793003000026716    2019031420190318826400000004230105320190306000553045046900100000000042300000142000003321829    4                       1         
G0793003000026716    2019031420190318826200000004230105320190325000043024076200100000000042300000142000003331737    4                       1         
G0793003000026716    2019031420190318826400000004230105320190325000657024129300100000000042300000142000003341737    4                       1         
G0793003000026716    2019031420190318826400000003280105320190306005280006898000100000000032800000142000003350793    4                       1         
G0793003000026716    2019031420190318826700000004811105320190225000747024071500100000000048110000142000003361737    4                       1         
G0793003000026716    2019031420190318826400000004230105320190325000593024123900100000000042300000142000003371737    4                       1         
G0793003000026716    2019031420190318826000000004230105320190325000243024093600100000000042300000142000003381737    4                       1         
G0793003000026716    2019031420190318826600000003850105320181206000626095573800100000000038500000142000003394481    4                       1         
G0793003000026716    2019031420190318826200000010850105320190225000428024041400100000000108500000142000003401737    4                       1         
G0793003000026716    2019031420190318826200000008460105320190225000066024006200100000000084600000142000003411737    4                       1         
G0793003000026716    2019031420190318826200000004230105320190325000673024130700100000000042300000142000003421737    4                       1         
G0793003000026716    2019031420190318826500000004230105320190225000278024026900100000000042300000142000003431737    4                       1         
G0793003000026716    2019031420190318826500000004230105320190225000226024021800100000000042300000142000003441737    4                       1         
G0793003000026716    2019031420190318826400000004230105320190306000541045045700100000000042300000142000003451829    4                       1         
G0793003000026716    2019031420190318826600000004230105320190306000547045046300100000000042300000142000003461829    4                       1         
G0793003000026716    2019031420190318826600000004230105320190306000504045042500100000000042300000142000003471829    4                       1         
G0793003000026716    2019031420190318826000000004411105320190221000534014312600100000000044110000142000003483089    4                       1         
G0793003000026716    2019031420190318826900000004822105320190321000140014360600100000000048220000142000003493089    4                       1         
G0793003000026716    2019031420190318826100000004834105320190321000241014369300100000000048340000142000003503089    4                       1         
G0793003000026716    2019031420190318826100000004332105320190221000649014322400100000000043320000142000003513089    4                       1         
G0793003000026716    2019031420190318826400000004230105320190225000694024067300100000000042300000142000003521737    4                       1         
G0793003000026716    2019031420190318826200000003850105320181206000805095591100100000000038500000142000003534481    4                       1         
G0793003000026716    2019031420190318826800000004230105320190325000303024098800100000000042300000142000003541737    4                       1         
G0793003000026716    2019031420190318826800000004230105320190325000032024075100100000000042300000142000003551737    4                       1         
G0793003000026716    2019031420190318826200000003838105320190304060259002678400100000000038380000142000003563738    4                       1         
G0793003000026716    2019031420190318826500000003850105320181206000930095603600100000000038500000142000003574481    4                       1         
G0793003000026716    2019031420190318826800000004230105320190325000699024132800100000000042300000142000003581737    4                       1         
G0793003000026716    2019031420190318826800000004230105320190325000624024126700100000000042300000142000003591737    4                       1         
G0793003000026716    2019031420190318826700000004024105320190304061015002743900100000000040240000142000003603738    4                       1         
G0793003000026716    2019031420190318826700000004230105320190225000637024061900100000000042300000142000003611737    4                       1         
G0793003000026716    2019031420190318826500000004230105320190225000741024071100100000000042300000142000003621737    4                       1         
G0793003000026716    2019031420190318826100000004260105320190321000388014382700100000000042600000142000003633089    4                       1         
G0793003000026716    2019031420190318826100000004260105320190321000375014381500100000000042600000142000003643089    4                       1         
G0793003000026716    2019031420190318826100000004260105320190321000334014377800100000000042600000142000003653089    4                       1         
G0793003000026716    2019031420190318826100000004260105320190321000212014366800100000000042600000142000003663089    4                       1         
G0793003000026716    2019031420190318826100000001320105320190321000762014415300100000000013200000142000003673089    4                       1         
G0793003000026716    2019031420190318826100000001000105320190316000076014432000100000000010000000142000003683089    4                       1         
G0793003000026716    2019031420190318826900000004272105320190321000649014406000100000000042720000142000003693089    4                       1         
G0793003000026716    2019031420190318826900000004260105320190321000274014372300100000000042600000142000003703089    4                       1         
G0793003000026716    2019031420190318826900000004253105320190321000914014426800100000000042530000142000003713089    4                       1         
G0793003000026716    2019031420190318826900000004241105320190321000736014413600100000000042410000142000003723089    4                       1         
G0793003000026716    2019031420190318826000000013019105320190221000115014274600100000000130190000142000003733089    4                       1         
G0793003000026716    2019031420190318826000000007011105320190221000380014298600100000000070110000142000003743089    4                       1         
G0793003000026716    2019031420190318826000000004260105320190321000591014400800100000000042600000142000003753089    4                       1         
G0793003000026716    2019031420190318826000000004256105320190321000558014397900100000000042560000142000003763089    4                       1         
G0793003000026716    2019031420190318826000000001355105320190321000452014388600100000000013550000142000003773089    4                       1         
G0793003000026716    2019031420190318826300000001000105320190316000680014431800100000000010000000142000003783089    4                       1         
G0793003000026716    2019031420190318826300000005077105320190221000679014325100100000000050770000142000003793089    4                       1         
G0793003000026716    2019031420190318826300000004260105320190321000603014401900100000000042600000142000003803089    4                       1         
G0793003000026716    2019031420190318826300000004260105320190321000441014387600100000000042600000142000003813089    4                       1         
G0793003000026716    2019031420190318826300000004230105320190225000511024049500100000000042300000142000003824481    4                       1         
G0793003000026716    2019031420190318826900000004335105320190221000152014278000100000000043350000142000003833089    4                       1         
G0793003000026716    2019031420190318826300000004260105320190321000172014363300100000000042600000142000003843089    4                       1         
G0793003000026716    2019031420190318826300000004260105320190321000130014359600100000000042600000142000003853089    4                       1         
G0793003000026716    2019031420190318826300000004260105320190321000123014359100100000000042600000142000003863089    4                       1         
G0793003000026716    2019031420190318826600000007414105320190304060421002691600100000000074140000142000003872525    4                       1         
G0793003000026716    2019031420190318826600000005540105320190301001808000827700100000000055400000142000003881141    4                       1         
G0793003000026716    2019031420190318826700000004230105320190325000388024106300100000000042300000142000003891737    4                       1         
G0793003000026716    2019031420190318826700000004230105320190325000322024100500100000000042300000142000003901737    4                       1         
G0793003000026716    2019031420190318826600000020115105320190325000758024137400100000000201150000142000003911737    4                       1         
G0793003000026716    2019031420190318826600000007878105320190325000734024135600100000000078780000142000003921737    4                       1         
G0793003000026716    2019031420190318826500000004230105320190325000215024091200100000000042300000142000003931737    4                       1         
G0793003000026716    2019031420190318826600000004230105320190325000381024105700100000000042300000142000003941737    4                       1         
G0793003000026716    2019031420190318826600000004230105320190225000051024004800100000000042300000142000003951737    4                       1         
G0793003000026716    2019031420190318826100000005392105320190225000351024034200100000000053920000142000003961737    4                       1         
G0793003000026716    2019031420190318826100000004230105320190325000246024093900100000000042300000142000003971737    4                       1         
G0793003000026716    2019031420190318826900000004811105320190325000613024125700100000000048110000142000003981737    4                       1         
G0793003000026716    2019031420190318826000000006554105320190225000658024064000100000000065540000142000003991737    4                       1         
G0793003000026716    2019031420190318826900000004230105320190325000549024120100100000000042300000142000004001737    4                       1         
G0793003000026716    2019031420190318826900000004230105320190225000215024020800100000000042300000142000004011737    4                       1         
G0793003000026716    2019031420190318826000000004230105320190325000471024113100100000000042300000142000004021737    4                       1         
G0793003000026716    2019031420190318826000000004230105320190225000572024055500100000000042300000142000004031737    4                       1         
G0793003000026716    2019031420190318826000000004230105320190225000389024037800100000000042300000142000004041737    4                       1         
G0793003000026716    2019031420190318826000000004230105320190225000330024032100100000000042300000142000004051737    4                       1         
Z00040700000000002088142                                                                                                                              
