A2201053              HIDROFORTETOCANTINS 104CAIXA ECON. FEDERAL 2019031600157203                                                                     
G0793003000026716    2019031520190318826900000004876105320190301001925000835800100000000048760000142000000013459    3                       1         
G0793003000026716    2019031520190318826700000004342105320190315000335018146500100000000043420000142000000021141    3                       1         
G0793003000026716    2019031520190319826000000004750105300100000061278002661800000000000047500000142000000033738    4                       1         
G0793003000026716    2019031520190319826900000003750105300100000061014002667600000000000037500000142000000043738    4                       1         
G0793003000026716    2019031520190319826100000004100105300100000070536035704500000000000041000000142000000051829    4                       1         
G0793003000026716    2019031520190319826000000010250105300100000060135002048400000000000102500000142000000063738    4                       1         
G0793003000026716    2019031520190319826900000001364105300100000071762081905200000000000013640000142000000073939    4                       1         
G0793003000026716    2019031520190319826900000001350105300100000070936081827400000000000013500000142000000083939    4                       1         
G0793003000026716    2019031520190319826300000004205105300100000071877081916300000000000042050000142000000093939    4                       1         
G0793003000026716    2019031520190319826300000004130105300100000071284081860900000000000041300000142000000103939    4                       1         
G0793003000026716    2019031520190319826900000004264105300100000070280081765600000000000042640000142000000113939    4                       1         
G0793003000026716    2019031520190319826000000004127105300100000070756081810900000000000041270000142000000123939    4                       1         
G0793003000026716    2019031520190319826000000004124105300100000071246081857100000000000041240000142000000133939    4                       1         
G0793003000026716    2019031520190319826000000001331105300100000071853081914100000000000013310000142000000143939    4                       1         
G0793003000026716    2019031520190319826400000004244105300100000071727081901800000000000042440000142000000153939    4                       1         
G0793003000026716    2019031520190319826400000004240105300100000070407081777500000000000042400000142000000163939    4                       1         
G0793003000026716    2019031520190319826100000004136105300100000071304081862900000000000041360000142000000173939    4                       1         
G0793003000026716    2019031520190319826700000004220105300100000071191081851900000000000042200000142000000183939    4                       1         
G0793003000026716    2019031520190319826700000004218105300100000070593081794900000000000042180000142000000193939    4                       1         
G0793003000026716    2019031520190319826700000004209105300100000070785081813700000000000042090000142000000203939    4                       1         
G0793003000026716    2019031520190319826900000004139105300100000071166081849600000000000041390000142000000213939    4                       1         
G0793003000026716    2019031520190319826800000025779105300100000071681081897500000000000257790000142000000223939    4                       1         
G0793003000026716    2019031520190319826900000001380105300100000070329081770200000000000013800000142000000233939    4                       1         
G0793003000026716    2019031520190319826500000004246105300100000071224081854900000000000042460000142000000243939    4                       1         
G0793003000026716    2019031520190319826500000004216105300100000070821081817000000000000042160000142000000253939    4                       1         
G0793003000026716    2019031520190319826500000004196105300100000070762081811500000000000041960000142000000263939    4                       1         
G0793003000026716    2019031520190319826400000006900105300100000071166081675900000000000069000000142000000273939    4                       1         
G0793003000026716    2019031520190319826800000004235105300100000071161081849100000000000042350000142000000283939    4                       1         
G0793003000026716    2019031520190319826800000001348105300100000071713081900500000000000013480000142000000293939    4                       1         
G0793003000026716    2019031520190319826800000001337105300100000070820081816900000000000013370000142000000303939    4                       1         
G0793003000026716    2019031520190319826800000004811105320190325000620024126300100000000048110000142000000311737    4                       1         
G0793003000026716    2019031520190319826000000004950105320190304060067002670000100000000049500000142000000323738    4                       1         
G0793003000026716    2019031520190319826100000004088105320190304061161002756200100000000040880000142000000333738    4                       1         
G0793003000026716    2019031520190319826100000001179105320190304061110002751800100000000011790000142000000343738    4                       1         
G0793003000026716    2019031520190319826800000004100105320181002070853035460300100000000041000000142000000351829    4                       1         
G0793003000026716    2019031520190319826300000004400105320190301000178000709800100000000044000000142000000361141    4                       1         
G0793003000026716    2019031520190319826300000004364105320190301000711000750600100000000043640000142000000371141    4                       1         
G0793003000026716    2019031520190319826700000004116105320190304070312035804700100000000041160000142000000381829    4                       1         
G0793003000026716    2019031520190319826800000004230105320190325000265024095300100000000042300000142000000391737    4                       1         
G0793003000026716    2019031520190319826300000004166105320190304070865035844500100000000041660000142000000401829    4                       1         
G0793003000026716    2019031520190319826600000006900105320190204070037035708600100000000069000000142000000411829    4                       1         
G0793003000026716    2019031520190319826300000006012105320190301001869000831700100000000060120000142000000421141    4                       1         
G0793003000026716    2019031520190319826300000005023105320190301000898000765500100000000050230000142000000431141    4                       1         
G0793003000026716    2019031520190319826200000011741105320190301000520000736600100000000117410000142000000441141    4                       1         
G0793003000026716    2019031520190319826200000009450105320190201000583000575800100000000094500000142000000451141    4                       1         
G0793003000026716    2019031520190319826200000004274105320190301000599000743000100000000042740000142000000461141    4                       1         
G0793003000026716    2019031520190319826300000004200105320190201002144000688100100000000042000000142000000471141    4                       1         
G0793003000026716    2019031520190319826000000009238105320190301001420000801400100000000092380000142000000481141    4                       1         
G0793003000026716    2019031520190319826300000004200105320181203001802000326100100000000042000000142000000491141    4                       1         
G0793003000026716    2019031520190319826400000004198105320190304070476035816800100000000041980000142000000501829    4                       1         
G0793003000026716    2019031520190319826200000004200105320181101070853035538900100000000042000000142000000511829    4                       1         
G0793003000026716    2019031520190319826400000004200105320181101001802000148000100000000042000000142000000521141    4                       1         
G0793003000026716    2019031520190319826900000004379105320190301001894000833400100000000043790000142000000531141    4                       1         
G0793003000026716    2019031520190319826300000004281105320190301001284000792400100000000042810000142000000541141    4                       1         
G0793003000026716    2019031520190319826300000004200105320190301002144000851100100000000042000000142000000551141    4                       1         
G0793003000026716    2019031520190319826900000004373105320190301000284000717700100000000043730000142000000561141    4                       1         
G0793003000026716    2019031520190319826900000003991105320190304061138002754300100000000039910000142000000573738    4                       1         
G0793003000026716    2019031520190319826800000003905105320190304060253002677800100000000039050000142000000583738    4                       1         
G0793003000026716    2019031520190319826600000006932105320190304061014002743800100000000069320000142000000593738    4                       1         
G0793003000026716    2019031520190319826400000005965105320190304070482035817300100000000059650000142000000601829    4                       1         
G0793003000026716    2019031520190319826300000001330105320190304070897035846400100000000013300000142000000611829    4                       1         
G0793003000026716    2019031520190319826100000004050105320190304070536035859600100000000040500000142000000621829    4                       1         
G0793003000026716    2019031520190319826400000006069105320190304061086002749500100000000060690000142000000633738    4                       1         
G0793003000026716    2019031520190319826000000004350105320190204070537035744000100000000043500000142000000641829    4                       1         
G0793003000026716    2019031520190319826000000001162105320190304060621002708700100000000011620000142000000653738    4                       1         
G0793003000026716    2019031520190319826400000003906105320190304060233002676300100000000039060000142000000663738    4                       1         
G0793003000026716    2019031520190319826400000003872105320190304060622002708800100000000038720000142000000673738    4                       1         
G0793003000026716    2019031520190319826100000014850105320190204070964035775800100000000148500000142000000681829    4                       1         
G0793003000026716    2019031520190319826000000004132105320190304061148002755000100000000041320000142000000693738    4                       1         
G0793003000026716    2019031520190319826800000005300105320190304060775002773700100000000053000000142000000703738    4                       1         
G0793003000026716    2019031520190319826600000003800105320190304060886002732600100000000038000000142000000713738    4                       1         
G0793003000026716    2019031520190319826500000007021105320190304060654002711600100000000070210000142000000723738    4                       1         
G0793003000026716    2019031520190319826200000004284105320190304070422035812600100000000042840000142000000731829    4                       1         
G0793003000026716    2019031520190319826300000004123105320190304070079035789100100000000041230000142000000741829    4                       1         
G0793003000026716    2019031520190319826000000004013105320190304060642002710500100000000040130000142000000753738    4                       1         
G0793003000026716    2019031520190319826300000004102105320190304070874035845300100000000041020000142000000761829    4                       1         
G0793003000026716    2019031520190319826900000004314105320190304070279035802300100000000043140000142000000771829    4                       1         
G0793003000026716    2019031520190319826000000010400105320190204070042035708900100000000104000000142000000781829    4                       1         
G0793003000026716    2019031520190319826700000004170105320190304070611035826000100000000041700000142000000791829    4                       1         
G0793003000026716    2019031520190319826100000007314105320190301001509000807300100000000073140000142000000801141    4                       1         
G0793003000026716    2019031520190319826500000004100105320181203070853035614500100000000041000000142000000811829    4                       1         
G0793003000026716    2019031520190319826100000027850105320190304071044035857500100000000278500000142000000821829    4                       1         
G0793003000026716    2019031520190319826300000003850105320181206000973095607900100000000038500000142000000834481    4                       1         
G0793003000026716    2019031520190319826400000006300105320190304071052035858300100000000063000000142000000841829    4                       1         
G0793003000026716    2019031520190319826300000003850105320181206000745095585100100000000038500000142000000854481    4                       1         
G0793003000026716    2019031520190319826900000003850105320181206000782095588800100000000038500000142000000864481    4                       1         
G0793003000026716    2019031520190319826500000007999105320190315000610022196900100000000079990000142000000873738    4                       1         
G0793003000026716    2019031520190319826500000004859105320190304070537035820800100000000048590000142000000881829    4                       1         
G0793003000026716    2019031520190319826500000004160105320190304070490035818000100000000041600000142000000891829    4                       1         
G0793003000026716    2019031520190319826300000001320105320190321000900014425700100000000013200000142000000903089    4                       1         
G0793003000026716    2019031520190319826700000005800105320190306004937006894800100000000058000000142000000910793    4                       1         
G0793003000026716    2019031520190319826100000003154105320190306005170006897000100000000031540000142000000920793    4                       1         
G0793003000026716    2019031520190319826800000004230105320190325000294024097900100000000042300000142000000931737    4                       1         
G0793003000026716    2019031520190319826300000006862105320190304061107002751500100000000068620000142000000943738    4                       1         
G0793003000026716    2019031520190319826100000006599105320190304060733002718900100000000065990000142000000953738    4                       1         
G0793003000026716    2019031520190319826200000010107105320190225000138024013200100000000101070000142000000961737    4                       1         
G0793003000026716    2019031520190319826000000005973105320190325000506024116300100000000059730000142000000971737    4                       1         
G0793003000026716    2019031520190319826000000004230105320190325000429024109500100000000042300000142000000981737    4                       1         
G0793003000026716    2019031520190319826000000004230105320190325000240024093300100000000042300000142000000991737    4                       1         
G0793003000026716    2019031520190319826700000004290105320190301001780000825600100000000042900000142000001001141    4                       1         
G0793003000026716    2019031520190319826700000004264105320190301001054000776600100000000042640000142000001011141    4                       1         
G0793003000026716    2019031520190319826700000004262105320190301000693000749400100000000042620000142000001021141    4                       1         
G0793003000026716    2019031520190319826300000004297105320190301001938000836400100000000042970000142000001031141    4                       1         
G0793003000026716    2019031520190319826500000005613105320190301000741000753400100000000056130000142000001041141    4                       1         
G0793003000026716    2019031520190319826600000004283105320190301002135000850500100000000042830000142000001051141    4                       1         
G0793003000026716    2019031520190319826400000010880105320190301000350000723200100000000108800000142000001061141    4                       1         
G0793003000026716    2019031520190319826800000004390105320190314000338010526300100000000043900000142000001071829    4                       1         
G0793003000026716    2019031520190319826200000018415105320190314000667010548400100000000184150000142000001081829    4                       1         
G0793003000026716    2019031520190319826200000006650105320190214000100010388300100000000066500000142000001091829    4                       1         
G0793003000026716    2019031520190319826200000004521105320190314001057010574100100000000045210000142000001101829    4                       1         
G0793003000026716    2019031520190319826200000004290105320190314001169010580400100000000042900000142000001111829    4                       1         
G0793003000026716    2019031520190319826300000006350105320190314000631010545700100000000063500000142000001121829    4                       1         
G0793003000026716    2019031520190319826900000010600105320190214001203010462700100000000106000000142000001131829    4                       1         
G0793003000026716    2019031520190319826900000005531105320190314001239010584900100000000055310000142000001141829    4                       1         
G0793003000026716    2019031520190319826000000005592105320190314001371010593500100000000055920000142000001151829    4                       1         
G0793003000026716    2019031520190319826000000004290105320190314001592010607300100000000042900000142000001161829    4                       1         
G0793003000026716    2019031520190319826000000004200105320181213000895010196900100000000042000000142000001171829    4                       1         
G0793003000026716    2019031520190319826000000004200105320181114000895010067700100000000042000000142000001181829    4                       1         
G0793003000026716    2019031520190319826400000004450105320190214001606010488800100000000044500000142000001191829    4                       1         
G0793003000026716    2019031520190319826400000004290105320190314000832010561400100000000042900000142000001201829    4                       1         
G0793003000026716    2019031520190319826400000004275105320190314001408010595900100000000042750000142000001211829    4                       1         
G0793003000026716    2019031520190319826400000004274105320190314000846010562500100000000042740000142000001221829    4                       1         
G0793003000026716    2019031520190319826200000004271105320190314000224010518600100000000042710000142000001231829    4                       1         
G0793003000026716    2019031520190319826300000005999105320190314000567010540800100000000059990000142000001241829    4                       1         
G0793003000026716    2019031520190319826700000004406105320190314001396010595100100000000044060000142000001251829    4                       1         
G0793003000026716    2019031520190319826700000004276105320190314001018010572200100000000042760000142000001261829    4                       1         
G0793003000026716    2019031520190319826500000007250105320190214001366010473400100000000072500000142000001271829    4                       1         
G0793003000026716    2019031520190319826500000005443105320190314000625010545100100000000054430000142000001281829    4                       1         
G0793003000026716    2019031520190319826500000004290105320190314001602010607900100000000042900000142000001291829    4                       1         
G0793003000026716    2019031520190319826500000004290105320190314000308010524400100000000042900000142000001301829    4                       1         
G0793003000026716    2019031520190319826500000004284105320190314000831010561300100000000042840000142000001311829    4                       1         
G0793003000026716    2019031520190319826400000015387105320190314000573010541300100000000153870000142000001321829    4                       1         
G0793003000026716    2019031520190319826800000009718105320190314000945010567700100000000097180000142000001331829    4                       1         
G0793003000026716    2019031520190319826800000004350105320190214000299010402500100000000043500000142000001341829    4                       1         
G0793003000026716    2019031520190319826300000004016105320190304060902002734100100000000040160000142000001353738    4                       1         
G0793003000026716    2019031520190319826300000003994105320190304061213002760900100000000039940000142000001363738    4                       1         
G0793003000026716    2019031520190319826200000014036105320190304061096002750500100000000140360000142000001373738    4                       1         
G0793003000026716    2019031520190319826200000008800105320190204060067002565000100000000088000000142000001383738    4                       1         
G0793003000026716    2019031520190319826200000007345105320190304060854002729600100000000073450000142000001393738    4                       1         
G0793003000026716    2019031520190319826000000007152105320190304060544002702200100000000071520000142000001403738    4                       1         
G0793003000026716    2019031520190319826900000004650105320190321061287002765500100000000046500000142000001413738    4                       1         
G0793003000026716    2019031520190319826000000004230105320190325000145024085100100000000042300000142000001421737    4                       1         
G0793003000026716    2019031520190319826500000004230105320190306000156028008500100000000042300000142000001434481    4                       1         
G0793003000026716    2019031520190319826600000004230105320190306000825028058000100000000042300000142000001444481    4                       1         
G0793003000026716    2019031520190319826600000004230105320190306000737028049900100000000042300000142000001454481    4                       1         
G0793003000026716    2019031520190319826900000004230105320190306000349028020900100000000042300000142000001464481    4                       1         
G0793003000026716    2019031520190319826700000007855105320190304000783002641800100000000078550000142000001471116    4                       1         
G0793003000026716    2019031520190319826900000008500105320190103000174002510000100000000085000000142000001481116    4                       1         
G0793003000026716    2019031520190319826900000004920105320190304000728002638300100000000049200000142000001491116    4                       1         
G0793003000026716    2019031520190319826100000004907105320190304000061002601900100000000049070000142000001501116    4                       1         
G0793003000026716    2019031520190319826000000010700105320190204000174002560000100000000107000000142000001511116    4                       1         
G0793003000026716    2019031520190319826700000004368105320190304000508002625400100000000043680000142000001521116    4                       1         
G0793003000026716    2019031520190319826700000004150105320190204000329002569300100000000041500000142000001531116    4                       1         
G0793003000026716    2019031520190319826600000004270105320190304000812002644200100000000042700000142000001541116    4                       1         
G0793003000026716    2019031520190319826700000008350105320190304000424002644800100000000083500000142000001551116    4                       1         
G0793003000026716    2019031520190319826500000004230105320190306000587045049700100000000042300000142000001561829    4                       1         
G0793003000026716    2019031520190319826300000004230105320190306000431045036000100000000042300000142000001571829    4                       1         
G0793003000026716    2019031520190319826200000004230105320190306000473045039800100000000042300000142000001581829    4                       1         
G0793003000026716    2019031520190319826900000005973105320190306000574045048700100000000059730000142000001591829    4                       1         
G0793003000026716    2019031520190319826000000004230105320190306000110045009200100000000042300000142000001601829    4                       1         
G0793003000026716    2019031520190319826500000005973105320190306000483045040800100000000059730000142000001611829    4                       1         
G0793003000026716    2019031520190319826700000004230105320190306000057045004800100000000042300000142000001621829    4                       1         
G0793003000026716    2019031520190319826600000001346105320190321000597014401400100000000013460000142000001633089    4                       1         
G0793003000026716    2019031520190319826300000001340105320190321000620014403300100000000013400000142000001643089    4                       1         
G0793003000026716    2019031520190319826300000004252105320190321000081014355300100000000042520000142000001653089    4                       1         
G0793003000026716    2019031520190319826300000004200105320190321000770014431600100000000042000000142000001663089    4                       1         
G0793003000026716    2019031520190319826200000006773105320190221000237014285500100000000067730000142000001673089    4                       1         
G0793003000026716    2019031520190319826200000004453105320190221000462014306200100000000044530000142000001683089    4                       1         
G0793003000026716    2019031520190319826200000004417105320190221000169014279400100000000044170000142000001693089    4                       1         
G0793003000026716    2019031520190319826200000004409105320190321000578014399800100000000044090000142000001703089    4                       1         
G0793003000026716    2019031520190319826200000004374105320190321000379014381900100000000043740000142000001713089    4                       1         
G0793003000026716    2019031520190319826900000004437105320190221000177014280200100000000044370000142000001723089    4                       1         
G0793003000026716    2019031520190319826900000004260105320190321000823014420200100000000042600000142000001733089    4                       1         
G0793003000026716    2019031520190319826000000005980105320190321000074014354700100000000059800000142000001743089    4                       1         
G0793003000026716    2019031520190319826000000004272105320190321000504014393400100000000042720000142000001753089    4                       1         
G0793003000026716    2019031520190319826000000004260105320190321000395014383300100000000042600000142000001763089    4                       1         
G0793003000026716    2019031520190319826000000004260105320190321000131014359700100000000042600000142000001773089    4                       1         
G0793003000026716    2019031520190319826900000004260105320190321000666014407500100000000042600000142000001783089    4                       1         
G0793003000026716    2019031520190319826400000005873105320190221000812014336100100000000058730000142000001793089    4                       1         
G0793003000026716    2019031520190319826400000005403105320190321000283014373200100000000054030000142000001803089    4                       1         
G0793003000026716    2019031520190319826400000004840105320190321000015014349200100000000048400000142000001813089    4                       1         
G0793003000026716    2019031520190319826400000004652105320190321000331014377600100000000046520000142000001823089    4                       1         
G0793003000026716    2019031520190319826400000004260105320190321000593014401000100000000042600000142000001833089    4                       1         
G0793003000026716    2019031520190319826400000004260105320190321000573014399400100000000042600000142000001843089    4                       1         
G0793003000026716    2019031520190319826400000005478105320190325000615024125900100000000054780000142000001851737    4                       1         
G0793003000026716    2019031520190319826600000004291105320190304070150035792100100000000042910000142000001861829    4                       1         
G0793003000026716    2019031520190319826600000004223105320190304070252035800100100000000042230000142000001871829    4                       1         
G0793003000026716    2019031520190319826800000005772105320190304070964035851900100000000057720000142000001881829    4                       1         
G0793003000026716    2019031520190319826700000004500105320190204070422035735500100000000045000000142000001891829    4                       1         
G0793003000026716    2019031520190319826200000004230105320190325000363024104100100000000042300000142000001901737    4                       1         
G0793003000026716    2019031520190319826100000006554105320190325000495024115200100000000065540000142000001911737    4                       1         
G0793003000026716    2019031520190319826100000004230105320190325000124024083400100000000042300000142000001921737    4                       1         
G0793003000026716    2019031520190319826100000004230105320190325000103024081700100000000042300000142000001931737    4                       1         
G0793003000026716    2019031520190319826100000004230105320190225000342024033300100000000042300000142000001941737    4                       1         
G0793003000026716    2019031520190319826300000004326105320190325000093024081000100000000043260000142000001951737    4                       1         
G0793003000026716    2019031520190319826700000004230105320190225000700024067700100000000042300000142000001961737    4                       1         
G0793003000026716    2019031520190319826500000005973105320190325000397024107200100000000059730000142000001971737    4                       1         
G0793003000026716    2019031520190319826500000004230105320190225000617024059900100000000042300000142000001981737    4                       1         
G0793003000026716    2019031520190319826600000010107105320190325000138024084600100000000101070000142000001991737    4                       1         
G0793003000026716    2019031520190319826600000004230105320190325000486024114400100000000042300000142000002001737    4                       1         
G0793003000026716    2019031520190319826400000008621105320190325000279024096500100000000086210000142000002011737    4                       1         
G0793003000026716    2019031520190319826400000006554105320190325000490024114800100000000065540000142000002021737    4                       1         
G0793003000026716    2019031520190319826900000004230105320190325000288024097300100000000042300000142000002031737    4                       1         
G0793003000026716    2019031520190319826600000004119105320190304070855035843900100000000041190000142000002041829    4                       1         
G0793003000026716    2019031520190319826000000003300105320190205001030006788800100000000033000000142000002053863    4                       1         
G0793003000026716    2019031520190319826400000004260105320190321000158014362200100000000042600000142000002063089    4                       1         
G0793003000026716    2019031520190319826100000004172105320190306005522006900300100000000041720000142000002073863    4                       1         
G0793003000026716    2019031520190319826500000003255105320190306001130006861200100000000032550000142000002083863    4                       1         
G0793003000026716    2019031520190319826400000004251105320190321000517014394600100000000042510000142000002093089    4                       1         
G0793003000026716    2019031520190319826700000007645105320190306003430006881500100000000076450000142000002103863    4                       1         
G0793003000026716    2019031520190319826900000004230105320190315000264018141200100000000042300000142000002111141    4                       1         
G0793003000026716    2019031520190319826400000008621105320190315000215018138100100000000086210000142000002121141    4                       1         
G0793003000026716    2019031520190319826300000004230105320190315000118018131000100000000042300000142000002131141    4                       1         
G0793003000026716    2019031520190319826300000004260105320190215000459018098100100000000042600000142000002141141    4                       1         
G0793003000026716    2019031520190319826300000004230105320190315000284018142700100000000042300000142000002151141    4                       1         
G0793003000026716    2019031520190319826100000012467105320190315000062018126100100000000124670000142000002161141    4                       1         
G0793003000026716    2019031520190319826400000005482105320190315000357018148100100000000054820000142000002171141    4                       1         
G0793003000026716    2019031520190319826900000010121105320190215000305018085600100000000101210000142000002181141    4                       1         
G0793003000026716    2019031520190319826900000006726105320190315000346018147300100000000067260000142000002191141    4                       1         
G0793003000026716    2019031520190319826900000006003105320190215000562018106800100000000060030000142000002201141    4                       1         
G0793003000026716    2019031520190319826300000013456105320190315000534018162300100000000134560000142000002211141    4                       1         
G0793003000026716    2019031520190319826400000004711105320190315000620018169600100000000047110000142000002221141    4                       1         
G0793003000026716    2019031520190319826400000004356105320190215000481018099800100000000043560000142000002231141    4                       1         
G0793003000026716    2019031520190319826100000004445105320190315000026018123200100000000044450000142000002241141    4                       1         
G0793003000026716    2019031520190319826000000010850105320190315000423018153100100000000108500000142000002251141    4                       1         
G0793003000026716    2019031520190319826300000004327105320190315000161018133400100000000043270000142000002261141    4                       1         
G0793003000026716    2019031520190319826500000004230105320190315000052018125200100000000042300000142000002271141    4                       1         
G0793003000026716    2019031520190319826400000016262105320190215000077018067100100000000162620000142000002281141    4                       1         
G0793003000026716    2019031520190319826600000006097105320190315000467018157000100000000060970000142000002291141    4                       1         
G0793003000026716    2019031520190319826800000024917105320190315000716018176700100000000249170000142000002301141    4                       1         
G0793003000026716    2019031520190319826800000004260105320190215000467018098800100000000042600000142000002311141    4                       1         
G0793003000026716    2019031520190319826700000004811105320190315000602018168100100000000048110000142000002321141    4                       1         
G0793003000026716    2019031520190319826300000004230105320190306000611028039700100000000042300000142000002334481    4                       1         
G0793003000026716    2019031520190319826400000004241105320190321000411014384700100000000042410000142000002343089    4                       1         
G0793003000026716    2019031520190319826400000001350105320190321000396014383400100000000013500000142000002353089    4                       1         
G0793003000026716    2019031520190319826900000004260105320190321000128014359500100000000042600000142000002363089    4                       1         
G0793003000026716    2019031520190319826900000004253105320190321000137014360300100000000042530000142000002373089    4                       1         
G0793003000026716    2019031520190319826200000004260105320190321000942014428900100000000042600000142000002383089    4                       1         
G0793003000026716    2019031520190319826200000004260105320190321000489014392000100000000042600000142000002393089    4                       1         
G0793003000026716    2019031520190319826200000004260105320190321000273014372200100000000042600000142000002403089    4                       1         
G0793003000026716    2019031520190319826200000001406105320190221000725014329200100000000014060000142000002413089    4                       1         
G0793003000026716    2019031520190319826100000007573105320190221000156014278400100000000075730000142000002423089    4                       1         
G0793003000026716    2019031520190319826100000004367105320190321000482014391500100000000043670000142000002433089    4                       1         
G0793003000026716    2019031520190319826100000004265105320190321000755014414800100000000042650000142000002443089    4                       1         
G0793003000026716    2019031520190319826700000004354105320190321000783014416800100000000043540000142000002453089    4                       1         
G0793003000026716    2019031520190319826700000004260105320190321000777014416400100000000042600000142000002463089    4                       1         
G0793003000026716    2019031520190319826700000004260105320190321000581014400100100000000042600000142000002473089    4                       1         
G0793003000026716    2019031520190319826700000004260105320190321000575014399600100000000042600000142000002483089    4                       1         
G0793003000026716    2019031520190319826700000004200105320190121000770014245800100000000042000000142000002493089    4                       1         
G0793003000026716    2019031520190319826800000010850105320190306000149028008200100000000108500000142000002504481    4                       1         
G0793003000026716    2019031520190319826000000004230105320190306000476028028700100000000042300000142000002514481    4                       1         
G0793003000026716    2019031520190319826000000004230105320190306000382028022200100000000042300000142000002524481    4                       1         
G0793003000026716    2019031520190319826100000004811105320190306000719028048200100000000048110000142000002534481    4                       1         
G0793003000026716    2019031520190319826100000004230105320190306001012028071900100000000042300000142000002544481    4                       1         
G0793003000026716    2019031520190319826100000004230105320190306000523028032500100000000042300000142000002554481    4                       1         
G0793003000026716    2019031520190319826100000004230105320190306000302028017800100000000042300000142000002564481    4                       1         
G0793003000026716    2019031520190319826300000005392105320190306000921028064900100000000053920000142000002574481    4                       1         
G0793003000026716    2019031520190319826500000004230105320190306000725028048700100000000042300000142000002584481    4                       1         
G0793003000026716    2019031520190319826500000004230105320190306000228028013400100000000042300000142000002594481    4                       1         
G0793003000026716    2019031520190319826500000007981105320190221000882014341200100000000079810000142000002603089    4                       1         
G0793003000026716    2019031520190319826900000014759105320190315000118022153900100000000147590000142000002613738    4                       1         
G0793003000026716    2019031520190319826200000004353105320190315000762022208500100000000043530000142000002623738    4                       1         
G0793003000026716    2019031520190319826200000007985105320190315000765022208800100000000079850000142000002633738    4                       1         
G0793003000026716    2019031520190319826500000004271105320190321000424014386000100000000042710000142000002643089    4                       1         
G0793003000026716    2019031520190319826500000004260105320190321000049014352400100000000042600000142000002653089    4                       1         
G0793003000026716    2019031520190319826500000004260105320190321000023014350000100000000042600000142000002663089    4                       1         
G0793003000026716    2019031520190319826600000007878105320190321000338014378200100000000078780000142000002673089    4                       1         
G0793003000026716    2019031520190319826600000004401105320190321000026014350300100000000044010000142000002683089    4                       1         
G0793003000026716    2019031520190319826600000004381105320190321000485014391700100000000043810000142000002693089    4                       1         
G0793003000026716    2019031520190319826600000004260105320190321000465014389900100000000042600000142000002703089    4                       1         
G0793003000026716    2019031520190319826400000006008105320190321000881014424300100000000060080000142000002713089    4                       1         
G0793003000026716    2019031520190319826000000005607105320190315000470022184700100000000056070000142000002723738    4                       1         
G0793003000026716    2019031520190319826000000005392105320190315000193022160400100000000053920000142000002733738    4                       1         
G0793003000026716    2019031520190319826000000004260105320190215000644022129300100000000042600000142000002743738    4                       1         
G0793003000026716    2019031520190319826800000007170105320190215000814022141400100000000071700000142000002753738    4                       1         
G0793003000026716    2019031520190319826700000004260105320190215000431022110800100000000042600000142000002763738    4                       1         
G0793003000026716    2019031520190319826100000009479105320190215000683022132400100000000094790000142000002773738    4                       1         
G0793003000026716    2019031520190319826200000004230105320190315000288022169100100000000042300000142000002783738    4                       1         
G0793003000026716    2019031520190319826300000007878105320190315000246022165300100000000078780000142000002793738    4                       1         
G0793003000026716    2019031520190319826200000004200105320190115000652022058100100000000042000000142000002803738    4                       1         
G0793003000026716    2019031520190319826100000010850105320190315000755022207800100000000108500000142000002813738    4                       1         
G0793003000026716    2019031520190319826100000004260105320190215000437022111300100000000042600000142000002823738    4                       1         
G0793003000026716    2019031520190319826500000005403105320190215000772022139400100000000054030000142000002833738    4                       1         
G0793003000026716    2019031520190319826500000004230105320190315000451022183100100000000042300000142000002843738    4                       1         
G0793003000026716    2019031520190319826600000004230105320190315000066022149500100000000042300000142000002853738    4                       1         
G0793003000026716    2019031520190319826400000011934105320190315000065022149400100000000119340000142000002863738    4                       1         
G0793003000026716    2019031520190319826500000004230105320190315000287022169000100000000042300000142000002873738    4                       1         
G0793003000026716    2019031520190319826400000044964105320190315000546022191400100000000449640000142000002883738    4                       1         
G0793003000026716    2019031520190319826800000004230105320190315000653022200200100000000042300000142000002893738    4                       1         
G0793003000026716    2019031520190319826800000004230105320190315000491022186400100000000042300000142000002903738    4                       1         
G0793003000026716    2019031520190319826900000004230105320190321000730014413100100000000042300000142000002913089    4                       1         
G0793003000026716    2019031520190319826900000001344105320190321000305014375100100000000013440000142000002923089    4                       1         
G0793003000026716    2019031520190319826900000001320105320190321000599014401600100000000013200000142000002933089    4                       1         
G0793003000026716    2019031520190319826800000005403105320190321000090014356200100000000054030000142000002943089    4                       1         
G0793003000026716    2019031520190319826800000004252105320190321000598014401500100000000042520000142000002953089    4                       1         
G0793003000026716    2019031520190319826500000004323105320190225070205020294500100000000043230000142000002961829    4                       1         
G0793003000026716    2019031520190319826000000001322105320190325070092020314200100000000013220000142000002971829    4                       1         
G0793003000026716    2019031520190319826900000004448105320190225070103020287900100000000044480000142000002981829    4                       1         
G0793003000026716    2019031520190319826400000004669105320190325070233020323200100000000046690000142000002991829    4                       1         
G0793003000026716    2019031520190319826400000001335105320190225070128020289700100000000013350000142000003001829    4                       1         
G0793003000026716    2019031520190319826400000004325105320190225070115020288800100000000043250000142000003011829    4                       1         
G0793003000026716    2019031520190319826600000004050105320190225070302020309200100000000040500000142000003021829    4                       1         
G0793003000026716    2019031520190319826900000004110105320190325070404020334200100000000041100000142000003031829    4                       1         
G0793003000026716    2019031520190319826700000001322105320190325070158020318200100000000013220000142000003041829    4                       1         
G0793003000026716    2019031520190319826400000004320105320190315000836022212700100000000043200000142000003053738    4                       1         
Z00030700000000001678630                                                                                                                              
