A2201053              HIDROFORTETOCANTINS 104CAIXA ECON. FEDERAL 2019031900157303                                                                     
G0793003000026716    2019031820190319826600000004230105320190306000011045000800100000000042300000142000000013939    3                       1         
G0793003000026716    2019031820190319826000000009301105320190304070860035844200100000000093010000142000000021829    3                       1         
G0793003000026716    2019031820190319826900000004975105320190301001803000827200100000000049750000142000000031141    3                       1         
G0793003000026716    2019031820190320826400000004118105300100000070628081798400000000000041180000142000000043939    4                       1         
G0793003000026716    2019031820190320826900000004210105300100000071390081871200000000000042100000142000000053939    4                       1         
G0793003000026716    2019031820190320826500000003700105300100000060277001479100000000000037000000142000000063738    4                       1         
G0793003000026716    2019031820190320826000000003700105300100000060204001376900000000000037000000142000000073738    4                       1         
G0793003000026716    2019031820190320826300000004197105300100000071830081911800000000000041970000142000000083939    4                       1         
G0793003000026716    2019031820190320826700000005501105300100000070758081811100000000000055010000142000000093939    4                       1         
G0793003000026716    2019031820190320826800000004264105300100000071395081871700000000000042640000142000000103939    4                       1         
G0793003000026716    2019031820190320826600000004100105300100000071985081925800000000000041000000142000000113939    4                       1         
G0793003000026716    2019031820190320826600000001475105300100000071068081840100000000000014750000142000000123939    4                       1         
G0793003000026716    2019031820190320826200000005194105300100000071708081900000000000000051940000142000000133939    4                       1         
G0793003000026716    2019031820190320826200000004330105300100000071493081880500000000000043300000142000000143939    4                       1         
G0793003000026716    2019031820190320826700000006650105300100000060110002566300000000000066500000142000000153738    4                       1         
G0793003000026716    2019031820190320826700000003800105300100000060277001574600000000000038000000142000000163738    4                       1         
G0793003000026716    2019031820190320826200000003600105300100000060204001472500000000000036000000142000000173738    4                       1         
G0793003000026716    2019031820190320826400000004197105300100000071827081911500000000000041970000142000000183939    4                       1         
G0793003000026716    2019031820190320826300000004165105300100000070809081816000000000000041650000142000000193939    4                       1         
G0793003000026716    2019031820190320826500000004194105300100000071936081921900000000000041940000142000000203939    4                       1         
G0793003000026716    2019031820190320826500000003572105300100000071943081922600000000000035720000142000000213939    4                       1         
G0793003000026716    2019031820190320826400000005636105300100000071289081861400000000000056360000142000000223939    4                       1         
G0793003000026716    2019031820190320826400000005462105300100000071911081919700000000000054620000142000000233939    4                       1         
G0793003000026716    2019031820190320826400000004750105300100000070809081642000000000000047500000142000000243939    4                       1         
G0793003000026716    2019031820190320826700000004180105300100000071065081839800000000000041800000142000000253939    4                       1         
G0793003000026716    2019031820190320826900000006957105300100000070386081775500000000000069570000142000000263939    4                       1         
G0793003000026716    2019031820190320826900000004730105300100000070938081827500000000000047300000142000000273939    4                       1         
G0793003000026716    2019031820190320826000000004237105300100000070729081808200000000000042370000142000000283939    4                       1         
G0793003000026716    2019031820190320826900000004345105300100000071655081895200000000000043450000142000000293939    4                       1         
G0793003000026716    2019031820190320826900000004300105300100000072005081927200000000000043000000142000000303939    4                       1         
G0793003000026716    2019031820190320826100000008700105300100000071075081667000000000000087000000142000000313939    4                       1         
G0793003000026716    2019031820190320826100000005800105300100000071483081756600000000000058000000142000000323939    4                       1         
G0793003000026716    2019031820190320826100000005600105300100000071320081864500000000000056000000142000000333939    4                       1         
G0793003000026716    2019031820190320826000000001311105300100000071075081840800000000000013110000142000000343939    4                       1         
G0793003000026716    2019031820190320826200000012682105320190301002172000853300100000000126820000142000000351141    4                       1         
G0793003000026716    2019031820190320826800000004416105320190301001775000825400100000000044160000142000000361141    4                       1         
G0793003000026716    2019031820190320826800000004391105320190301000373000724800100000000043910000142000000371141    4                       1         
G0793003000026716    2019031820190320826800000004360105320190301001645000816600100000000043600000142000000381141    4                       1         
G0793003000026716    2019031820190320826800000004324105320190315000579018166100100000000043240000142000000391141    4                       1         
G0793003000026716    2019031820190320826800000004275105320190301001690000819400100000000042750000142000000401141    4                       1         
G0793003000026716    2019031820190320826700000006040105320190301000083000703200100000000060400000142000000411141    4                       1         
G0793003000026716    2019031820190320826700000005581105320190301001055000776700100000000055810000142000000421141    4                       1         
G0793003000026716    2019031820190320826700000004864105320190301000343000722700100000000048640000142000000431141    4                       1         
G0793003000026716    2019031820190320826700000004621105320190301001921000835500100000000046210000142000000441141    4                       1         
G0793003000026716    2019031820190320826700000004492105320190301001434000802300100000000044920000142000000451141    4                       1         
G0793003000026716    2019031820190320826700000004386105320190301000616000744400100000000043860000142000000461141    4                       1         
G0793003000026716    2019031820190320826700000004368105320190301001522000808200100000000043680000142000000471141    4                       1         
G0793003000026716    2019031820190320826600000004454105320190301001404000800500100000000044540000142000000481141    4                       1         
G0793003000026716    2019031820190320826600000004392105320190301000969000771000100000000043920000142000000491141    4                       1         
G0793003000026716    2019031820190320826600000004290105320190301000467000732400100000000042900000142000000501141    4                       1         
G0793003000026716    2019031820190320826500000004900105320190103002220000523400100000000049000000142000000511141    4                       1         
G0793003000026716    2019031820190320826500000004494105320190301001805000827400100000000044940000142000000521141    4                       1         
G0793003000026716    2019031820190320826500000004483105320190301001185000786000100000000044830000142000000531141    4                       1         
G0793003000026716    2019031820190320826500000004454105320190301001671000817900100000000044540000142000000541141    4                       1         
G0793003000026716    2019031820190320826200000004453105320190301001003000773200100000000044530000142000000551141    4                       1         
G0793003000026716    2019031820190320826200000004390105320190301000251000715100100000000043900000142000000561141    4                       1         
G0793003000026716    2019031820190320826200000004288105320190301001535000809000100000000042880000142000000571141    4                       1         
G0793003000026716    2019031820190320826400000004200105320190301000699000861100100000000042000000142000000581141    4                       1         
G0793003000026716    2019031820190320826300000007478105320190301000136000707000100000000074780000142000000591141    4                       1         
G0793003000026716    2019031820190320826300000007390105320190301001838000829800100000000073900000142000000601141    4                       1         
G0793003000026716    2019031820190320826500000004811105320190225000212024020500100000000048110000142000000611737    4                       1         
G0793003000026716    2019031820190320826900000004347105320190315000834022212500100000000043470000142000000623722    4                       1         
G0793003000026716    2019031820190320826500000013650105320190214001254010466300100000000136500000142000000631829    4                       1         
G0793003000026716    2019031820190320826500000006496105320190314000064010507000100000000064960000142000000641829    4                       1         
G0793003000026716    2019031820190320826200000004110105320190325070380020332500100000000041100000142000000651829    4                       1         
G0793003000026716    2019031820190320826100000010850105320190314001254010585900100000000108500000142000000661829    4                       1         
G0793003000026716    2019031820190320826100000003850105320181107001054000104900100000000038500000142000000674481    4                       1         
G0793003000026716    2019031820190320826300000003850105320181206001054095615900100000000038500000142000000684481    4                       1         
G0793003000026716    2019031820190320826500000003850105320181206001101095620600100000000038500000142000000694481    4                       1         
G0793003000026716    2019031820190320826500000003850105320181107001101000109600100000000038500000142000000704481    4                       1         
G0793003000026716    2019031820190320826700000003850105320181206000966095607200100000000038500000142000000714481    4                       1         
G0793003000026716    2019031820190320826400000003270105320190306004930006894600100000000032700000142000000720793    4                       1         
G0793003000026716    2019031820190320826900000004230105320190325000081024079800100000000042300000142000000732525    4                       1         
G0793003000026716    2019031820190320826000000006554105320190225000708024068300100000000065540000142000000741737    4                       1         
G0793003000026716    2019031820190320826900000004230105320190325000360024103900100000000042300000142000000751737    4                       1         
G0793003000026716    2019031820190320826900000004230105320190325000072024078900100000000042300000142000000761737    4                       1         
G0793003000026716    2019031820190320826900000004230105320190225000651024063300100000000042300000142000000771737    4                       1         
G0793003000026716    2019031820190320826800000008631105320190325000086024080300100000000086310000142000000781737    4                       1         
G0793003000026716    2019031820190320826800000008621105320190225000209024020200100000000086210000142000000791737    4                       1         
G0793003000026716    2019031820190320826800000004230105320190325000681024131400100000000042300000142000000801737    4                       1         
G0793003000026716    2019031820190320826800000004230105320190325000465024112600100000000042300000142000000811737    4                       1         
G0793003000026716    2019031820190320826800000004230105320190325000331024101400100000000042300000142000000821737    4                       1         
G0793003000026716    2019031820190320826700000006554105320190225000749024071700100000000065540000142000000831737    4                       1         
G0793003000026716    2019031820190320826600000004230105320190325000653024128900100000000042300000142000000841737    4                       1         
G0793003000026716    2019031820190320826600000004230105320190225000686024066700100000000042300000142000000851737    4                       1         
G0793003000026716    2019031820190320826600000004230105320190225000622024060400100000000042300000142000000861737    4                       1         
G0793003000026716    2019031820190320826500000005973105320190325000547024119900100000000059730000142000000871737    4                       1         
G0793003000026716    2019031820190320826500000004315105320190325000101024081500100000000043150000142000000881737    4                       1         
G0793003000026716    2019031820190320826500000004230105320190325000538024119100100000000042300000142000000891737    4                       1         
G0793003000026716    2019031820190320826600000004260105320190321000794014417800100000000042600000142000000903089    4                       1         
G0793003000026716    2019031820190320826600000004260105320190321000641014405300100000000042600000142000000913089    4                       1         
G0793003000026716    2019031820190320826600000004230105320190321000296014374400100000000042300000142000000923089    4                       1         
G0793003000026716    2019031820190320826500000004286105320190221000763014331900100000000042860000142000000933089    4                       1         
G0793003000026716    2019031820190320826400000004260105320190321000308014375400100000000042600000142000000943089    4                       1         
G0793003000026716    2019031820190320826400000004260105320190321000256014370700100000000042600000142000000953089    4                       1         
G0793003000026716    2019031820190320826400000004260105320190321000065014353800100000000042600000142000000963089    4                       1         
G0793003000026716    2019031820190320826200000009731105320190221000267014288300100000000097310000142000000973089    4                       1         
G0793003000026716    2019031820190320826200000004265105320190321000549014397400100000000042650000142000000983089    4                       1         
G0793003000026716    2019031820190320826200000004260105320190321000753014414600100000000042600000142000000993089    4                       1         
G0793003000026716    2019031820190320826200000004260105320190321000697014410300100000000042600000142000001003089    4                       1         
G0793003000026716    2019031820190320826200000004260105320190321000587014400500100000000042600000142000001013089    4                       1         
G0793003000026716    2019031820190320826200000004260105320190321000408014384400100000000042600000142000001023089    4                       1         
G0793003000026716    2019031820190320826200000004251105320190321000423014385900100000000042510000142000001033089    4                       1         
G0793003000026716    2019031820190320826200000004158105320190221000539014313100100000000041580000142000001043089    4                       1         
G0793003000026716    2019031820190320826200000001348105320190321000362014380400100000000013480000142000001053089    4                       1         
G0793003000026716    2019031820190320826300000008625105320190321000460014389400100000000086250000142000001063089    4                       1         
G0793003000026716    2019031820190320826300000006981105320190221000667014324000100000000069810000142000001073089    4                       1         
G0793003000026716    2019031820190320826300000006752105320190221000767014332300100000000067520000142000001083089    4                       1         
G0793003000026716    2019031820190320826300000006653105320190221000295014290800100000000066530000142000001093089    4                       1         
G0793003000026716    2019031820190320826300000004324105320190221000673014324600100000000043240000142000001103089    4                       1         
G0793003000026716    2019031820190320826300000004266105320190321000935014428500100000000042660000142000001113089    4                       1         
G0793003000026716    2019031820190320826300000004260105320190321000924014427500100000000042600000142000001123089    4                       1         
G0793003000026716    2019031820190320826300000004260105320190321000674014408300100000000042600000142000001133089    4                       1         
G0793003000026716    2019031820190320826500000004230105320190325000419024108900100000000042300000142000001141737    4                       1         
G0793003000026716    2019031820190320826500000004230105320190325000204024090400100000000042300000142000001151737    4                       1         
G0793003000026716    2019031820190320826200000004230105320190325000467024112800100000000042300000142000001161737    4                       1         
G0793003000026716    2019031820190320826200000004230105320190325000327024101000100000000042300000142000001171737    4                       1         
G0793003000026716    2019031820190320826200000004230105320190225000526024051000100000000042300000142000001181737    4                       1         
G0793003000026716    2019031820190320826200000004230105320190225000242024023400100000000042300000142000001191737    4                       1         
G0793003000026716    2019031820190320826400000004230105320190325000686024131800100000000042300000142000001201737    4                       1         
G0793003000026716    2019031820190320826400000004230105320190325000564024121300100000000042300000142000001211737    4                       1         
G0793003000026716    2019031820190320826400000004230105320190225000272024026300100000000042300000142000001221737    4                       1         
G0793003000026716    2019031820190320826300000008460105320190225000588024057000100000000084600000142000001231737    4                       1         
G0793003000026716    2019031820190320826300000005973105320190225000049024004600100000000059730000142000001241737    4                       1         
G0793003000026716    2019031820190320826300000004230105320190325000647024128500100000000042300000142000001251737    4                       1         
G0793003000026716    2019031820190320826300000004230105320190325000196024089600100000000042300000142000001261737    4                       1         
G0793003000026716    2019031820190320826300000004230105320190325000003024072700100000000042300000142000001271737    4                       1         
G0793003000026716    2019031820190320826500000004230105320190225000534024051800100000000042300000142000001281737    4                       1         
G0793003000026716    2019031820190320826700000004230105320190225000689024067000100000000042300000142000001291737    4                       1         
G0793003000026716    2019031820190320826700000004230105320190225000646024062800100000000042300000142000001301737    4                       1         
G0793003000026716    2019031820190320826700000004230105320190225000510024049400100000000042300000142000001311737    4                       1         
G0793003000026716    2019031820190320826900000022577105320190325000632024127300100000000225770000142000001321737    4                       1         
G0793003000026716    2019031820190320826000000004811105320190325000366024104400100000000048110000142000001331737    4                       1         
G0793003000026716    2019031820190320826000000004230105320190325000591024123700100000000042300000142000001341737    4                       1         
G0793003000026716    2019031820190320826000000004230105320190325000383024105900100000000042300000142000001351737    4                       1         
G0793003000026716    2019031820190320826000000004230105320190225000582024056400100000000042300000142000001361737    4                       1         
G0793003000026716    2019031820190320826100000006554105320190225000413024040200100000000065540000142000001371737    4                       1         
G0793003000026716    2019031820190320826100000004344105320190325000268024095600100000000043440000142000001381737    4                       1         
G0793003000026716    2019031820190320826500000002460105320190221000866014339900100000000024600000142000001393089    4                       1         
G0793003000026716    2019031820190320826500000001370105320190321000741014413900100000000013700000142000001403089    4                       1         
G0793003000026716    2019031820190320826500000001340105320190321000740014413800100000000013400000142000001413089    4                       1         
G0793003000026716    2019031820190320826500000001320105320190321000088014356000100000000013200000142000001423089    4                       1         
G0793003000026716    2019031820190320826100000004230105320190325000687024131900100000000042300000142000001431737    4                       1         
G0793003000026716    2019031820190320826000000011741105320190225000626024060800100000000117410000142000001441737    4                       1         
G0793003000026716    2019031820190320826000000010850105320190325000252024094300100000000108500000142000001451737    4                       1         
G0793003000026716    2019031820190320826000000007878105320190325000019024073900100000000078780000142000001461737    4                       1         
G0793003000026716    2019031820190320826400000007924105320190221000778014333100100000000079240000142000001473089    4                       1         
G0793003000026716    2019031820190320826400000006584105320190321000721014412300100000000065840000142000001483089    4                       1         
G0793003000026716    2019031820190320826300000004440105320190221000203014282500100000000044400000142000001493089    4                       1         
G0793003000026716    2019031820190320826900000001371105320190304070582035823900100000000013710000142000001501829    4                       1         
G0793003000026716    2019031820190320826900000001250105320190304070529035860700100000000012500000142000001511829    4                       1         
G0793003000026716    2019031820190320826800000004150105320190204070410035734400100000000041500000142000001521829    4                       1         
G0793003000026716    2019031820190320826800000004269105320190304070924035848800100000000042690000142000001531829    4                       1         
G0793003000026716    2019031820190320826800000004202105320190304070597035825000100000000042020000142000001541829    4                       1         
G0793003000026716    2019031820190320826300000004405105320190321000307014375300100000000044050000142000001553089    4                       1         
G0793003000026716    2019031820190320826800000004200105320190204071004035778700100000000042000000142000001561829    4                       1         
G0793003000026716    2019031820190320826700000004548105320190304070851035843600100000000045480000142000001571829    4                       1         
G0793003000026716    2019031820190320826200000004356105320190304070410035811500100000000043560000142000001581829    4                       1         
G0793003000026716    2019031820190320826200000004706105320190304070668035830200100000000047060000142000001591829    4                       1         
G0793003000026716    2019031820190320826400000001316105320190304070555035822300100000000013160000142000001601829    4                       1         
G0793003000026716    2019031820190320826400000004091105320190304070944035850300100000000040910000142000001611829    4                       1         
G0793003000026716    2019031820190320826400000001340105320190304070046035786800100000000013400000142000001621829    4                       1         
G0793003000026716    2019031820190320826100000001292105320190304070467035816100100000000012920000142000001631829    4                       1         
G0793003000026716    2019031820190320826000000004281105320190304070942035850100100000000042810000142000001641829    4                       1         
G0793003000026716    2019031820190320826300000004050105320190204071016035779300100000000040500000142000001651829    4                       1         
G0793003000026716    2019031820190320826300000001311105320190304070402035811000100000000013110000142000001661829    4                       1         
G0793003000026716    2019031820190320826000000004150105320190204070426035735800100000000041500000142000001671829    4                       1         
G0793003000026716    2019031820190320826300000004260105320190314001708010614500100000000042600000142000001684065    4                       1         
G0793003000026716    2019031820190320826300000003100105320190306005665006910400100000000031000000142000001690793    4                       1         
G0793003000026716    2019031820190320826900000007700105320190205005665006840200100000000077000000142000001700793    4                       1         
G0793003000026716    2019031820190320826900000003489105320190306005542006901600100000000034890000142000001713863    4                       1         
G0793003000026716    2019031820190320826800000004603105320190306002550006873600100000000046030000142000001723863    4                       1         
G0793003000026716    2019031820190320826800000003100105320190306005755006912100100000000031000000142000001733863    4                       1         
G0793003000026716    2019031820190320826700000009768105320190306003450006881600100000000097680000142000001743863    4                       1         
G0793003000026716    2019031820190320826600000004142105320190306000850006858600100000000041420000142000001753863    4                       1         
G0793003000026716    2019031820190320826600000003414105320190306005622006907600100000000034140000142000001763863    4                       1         
G0793003000026716    2019031820190320826500000005800105320190306003180006879200100000000058000000142000001773863    4                       1         
G0793003000026716    2019031820190320826200000004800105320190306005961006917200100000000048000000142000001783863    4                       1         
G0793003000026716    2019031820190320826600000004806105320190306000300006853500100000000048060000142000001793863    4                       1         
G0793003000026716    2019031820190320826400000003284105320190306000610006856400100000000032840000142000001803863    4                       1         
G0793003000026716    2019031820190320826300000004350105320190306005640006908800100000000043500000142000001813863    4                       1         
G0793003000026716    2019031820190320826300000003289105320190306003030006877700100000000032890000142000001823863    4                       1         
G0793003000026716    2019031820190320826300000003200105320190205000210006781300100000000032000000142000001833863    4                       1         
G0793003000026716    2019031820190320826400000006584105320190306002076006869300100000000065840000142000001843863    4                       1         
G0793003000026716    2019031820190320826700000003200105320190306005730006911600100000000032000000142000001853863    4                       1         
G0793003000026716    2019031820190320826700000003147105320190306005623006907700100000000031470000142000001863863    4                       1         
G0793003000026716    2019031820190320826600000004842105320190306004040006886700100000000048420000142000001873863    4                       1         
G0793003000026716    2019031820190320826100000009150105320190205002040006797900100000000091500000142000001883863    4                       1         
G0793003000026716    2019031820190320826100000004778105320190306000350006853900100000000047780000142000001893863    4                       1         
G0793003000026716    2019031820190320826000000003200105320190105000210006710300100000000032000000142000001903863    4                       1         
G0793003000026716    2019031820190320826000000006584105320190215000515018102700100000000065840000142000001911141    4                       1         
G0793003000026716    2019031820190320826300000004331105320190315000392018151000100000000043310000142000001921141    4                       1         
G0793003000026716    2019031820190320826600000009736105320190221000145014277400100000000097360000142000001933089    4                       1         
G0793003000026716    2019031820190320826000000004260105320190321000309014375500100000000042600000142000001943089    4                       1         
G0793003000026716    2019031820190320826900000004323105320190221000311014292200100000000043230000142000001953089    4                       1         
G0793003000026716    2019031820190320826100000008149105320190221000714014328300100000000081490000142000001963089    4                       1         
G0793003000026716    2019031820190320826100000004260105320190321000229014368300100000000042600000142000001973089    4                       1         
G0793003000026716    2019031820190320826100000001454105320190221000526014311800100000000014540000142000001983089    4                       1         
G0793003000026716    2019031820190320826200000004230105320190225000569024055200100000000042300000142000001991737    4                       1         
G0793003000026716    2019031820190320826300000001322105320190325070072020312800100000000013220000142000002001829    4                       1         
G0793003000026716    2019031820190320826700000010983105320190325070217020321900100000000109830000142000002011829    4                       1         
G0793003000026716    2019031820190320826700000006500105320190225070056020285000100000000065000000142000002021829    4                       1         
G0793003000026716    2019031820190320826200000004226105320190225070323020302900100000000042260000142000002031829    4                       1         
G0793003000026716    2019031820190320826500000005493105320190225070242020296700100000000054930000142000002041829    4                       1         
G0793003000026716    2019031820190320826200000004336105320190225070378020305800100000000043360000142000002051829    4                       1         
G0793003000026716    2019031820190320826200000004295105320190225070308020301700100000000042950000142000002061829    4                       1         
G0793003000026716    2019031820190320826400000001479105320190225070388020306700100000000014790000142000002071829    4                       1         
G0793003000026716    2019031820190320826500000001448105320190225070044020284200100000000014480000142000002081829    4                       1         
G0793003000026716    2019031820190320826400000006600105320190225070139020290300100000000066000000142000002091829    4                       1         
G0793003000026716    2019031820190320826600000006692105320190225070317020302600100000000066920000142000002101829    4                       1         
G0793003000026716    2019031820190320826700000000353105320190325070049020311400100000000003530000142000002111829    4                       1         
G0793003000026716    2019031820190320826700000002976105320190325070388020333200100000000029760000142000002121829    4                       1         
G0793003000026716    2019031820190320826700000001461105320190225070291020300200100000000014610000142000002131829    4                       1         
G0793003000026716    2019031820190320826800000006554105320190315000534022190200100000000065540000142000002143738    4                       1         
G0793003000026716    2019031820190320826900000004230105320190315000315022171400100000000042300000142000002153738    4                       1         
G0793003000026716    2019031820190320826800000009364105320190315000772022209400100000000093640000142000002163738    4                       1         
G0793003000026716    2019031820190320826300000004260105320190215000604022126200100000000042600000142000002173738    4                       1         
G0793003000026716    2019031820190320826400000004260105320190215000286022098100100000000042600000142000002183738    4                       1         
G0793003000026716    2019031820190320826700000010880105320190215000177022088000100000000108800000142000002193738    4                       1         
G0793003000026716    2019031820190320826100000004230105320190315000078022150400100000000042300000142000002203738    4                       1         
G0793003000026716    2019031820190320826700000004200105320190115000587022052600100000000042000000142000002213738    4                       1         
G0793003000026716    2019031820190320826500000004230105320190315000122022154300100000000042300000142000002223738    4                       1         
G0793003000026716    2019031820190320826300000004200105320190115000279022025200100000000042000000142000002233738    4                       1         
G0793003000026716    2019031820190320826400000010850105320190215000573022123300100000000108500000142000002243738    4                       1         
G0793003000026716    2019031820190320826600000007420105320190221000587014317000100000000074200000142000002253089    4                       1         
G0793003000026716    2019031820190320826600000007160105320190221000418014301800100000000071600000142000002263089    4                       1         
G0793003000026716    2019031820190320826900000007600105320190221000660014323500100000000076000000142000002273089    4                       1         
G0793003000026716    2019031820190320826900000006807105320190221000150014277800100000000068070000142000002283089    4                       1         
G0793003000026716    2019031820190320826900000004410105320190221000771014332600100000000044100000142000002293089    4                       1         
G0793003000026716    2019031820190320826900000004408105320190221000291014290400100000000044080000142000002303089    4                       1         
G0793003000026716    2019031820190320826000000004260105320190321000922014427300100000000042600000142000002313089    4                       1         
G0793003000026716    2019031820190320826000000004260105320190321000624014403700100000000042600000142000002323089    4                       1         
G0793003000026716    2019031820190320826000000004260105320190321000352014379600100000000042600000142000002333089    4                       1         
G0793003000026716    2019031820190320826400000007237105320190315000478022185300100000000072370000142000002343738    4                       1         
G0793003000026716    2019031820190320826400000004841105320190215000282022097700100000000048410000142000002353738    4                       1         
G0793003000026716    2019031820190320826000000004240105320190315000571022193400100000000042400000142000002363738    4                       1         
G0793003000026716    2019031820190320826100000005392105320190315000027022145900100000000053920000142000002373738    4                       1         
G0793003000026716    2019031820190320826100000005350105320190115000361022032500100000000053500000142000002383738    4                       1         
G0793003000026716    2019031820190320826100000004432105320190315000435022181700100000000044320000142000002393738    4                       1         
G0793003000026716    2019031820190320826500000003750105320190321061333002768800100000000037500000142000002403738    4                       1         
G0793003000026716    2019031820190320826000000008120105320190314000997010570900100000000081200000142000002411829    4                       1         
G0793003000026716    2019031820190320826800000007165105320190304070578035823600100000000071650000142000002421829    4                       1         
G0793003000026716    2019031820190320826000000005440105320190314000645010546700100000000054400000142000002431829    4                       1         
G0793003000026716    2019031820190320826000000007966105320190304061093002750200100000000079660000142000002443738    4                       1         
G0793003000026716    2019031820190320826800000004872105320190304060591002706000100000000048720000142000002453738    4                       1         
G0793003000026716    2019031820190320826800000004868105320190304060339002684900100000000048680000142000002463738    4                       1         
G0793003000026716    2019031820190320826800000003882105320190304060192002673100100000000038820000142000002473738    4                       1         
G0793003000026716    2019031820190320826700000009232105320190304061080002749000100000000092320000142000002483738    4                       1         
G0793003000026716    2019031820190320826400000004276105320190314001170010580500100000000042760000142000002491829    4                       1         
G0793003000026716    2019031820190320826200000004800105320190114000483010291200100000000048000000142000002501829    4                       1         
G0793003000026716    2019031820190320826200000004555105320190314000599010543300100000000045550000142000002511829    4                       1         
G0793003000026716    2019031820190320826200000004450105320190214001219010463800100000000044500000142000002521829    4                       1         
G0793003000026716    2019031820190320826200000004290105320190314001353010592000100000000042900000142000002531829    4                       1         
G0793003000026716    2019031820190320826300000017666105320190314000691010550000100000000176660000142000002541829    4                       1         
G0793003000026716    2019031820190320826300000012600105320190214000829010502700100000000126000000142000002551829    4                       1         
G0793003000026716    2019031820190320826100000004418105320190304061048002746800100000000044180000142000002563738    4                       1         
G0793003000026716    2019031820190320826500000008927105320190304061145002754900100000000089270000142000002573738    4                       1         
G0793003000026716    2019031820190320826200000005931105320190304061182002758100100000000059310000142000002583738    4                       1         
G0793003000026716    2019031820190320826600000017550105320190321061357002771200100000000175500000142000002593738    4                       1         
G0793003000026716    2019031820190320826300000001278105320190304061179002757800100000000012780000142000002603738    4                       1         
G0793003000026716    2019031820190320826500000003969105320190304060830002727700100000000039690000142000002613738    4                       1         
G0793003000026716    2019031820190320826300000005150105320190321061249002762900100000000051500000142000002623738    4                       1         
G0793003000026716    2019031820190320826400000003888105320190304060687002714600100000000038880000142000002633738    4                       1         
G0793003000026716    2019031820190320826000000003970105320190304060299002681700100000000039700000142000002643738    4                       1         
G0793003000026716    2019031820190320826400000003883105320190304060954002738300100000000038830000142000002653738    4                       1         
G0793003000026716    2019031820190320826000000003950105320190304060128002671400100000000039500000142000002663738    4                       1         
G0793003000026716    2019031820190320826000000003932105320190304061073002748600100000000039320000142000002673738    4                       1         
G0793003000026716    2019031820190320826000000003882105320190304060473002696600100000000038820000142000002683738    4                       1         
G0793003000026716    2019031820190320826200000001404105320190314000741010553900100000000014040000142000002691829    4                       1         
G0793003000026716    2019031820190320826300000011740105320190314000129010511600100000000117400000142000002701829    4                       1         
G0793003000026716    2019031820190320826300000006940105320190314001767010617900100000000069400000142000002711829    4                       1         
G0793003000026716    2019031820190320826300000006733105320190314001621010609300100000000067330000142000002721829    4                       1         
G0793003000026716    2019031820190320826300000005361105320190304070313035804800100000000053610000142000002731829    4                       1         
G0793003000026716    2019031820190320826300000004305105320190314001616010608800100000000043050000142000002741829    4                       1         
G0793003000026716    2019031820190320826300000004290105320190314000721010552200100000000042900000142000002751829    4                       1         
G0793003000026716    2019031820190320826300000004281105320190314001373010593700100000000042810000142000002761829    4                       1         
G0793003000026716    2019031820190320826300000004281105320190314001301010588900100000000042810000142000002771829    4                       1         
G0793003000026716    2019031820190320826200000010885105320190314001337010591000100000000108850000142000002781829    4                       1         
G0793003000026716    2019031820190320826200000010863105320190314000593010542800100000000108630000142000002791829    4                       1         
G0793003000026716    2019031820190320826500000004200105320190214000884010501800100000000042000000142000002801829    4                       1         
G0793003000026716    2019031820190320826500000004200105320181213000029010132000100000000042000000142000002811829    4                       1         
G0793003000026716    2019031820190320826300000004390105320190314000985010570100100000000043900000142000002821829    4                       1         
G0793003000026716    2019031820190320826400000004395105320190314000606010543900100000000043950000142000002831829    4                       1         
G0793003000026716    2019031820190320826700000004306105320190314001673010612300100000000043060000142000002841829    4                       1         
G0793003000026716    2019031820190320826700000004200105320190114000029010380400100000000042000000142000002851829    4                       1         
G0793003000026716    2019031820190320826600000006940105320190314001766010617800100000000069400000142000002861829    4                       1         
G0793003000026716    2019031820190320826600000006876105320190314001510010602500100000000068760000142000002871829    4                       1         
G0793003000026716    2019031820190320826600000006700105320190214001702010494600100000000067000000142000002881829    4                       1         
G0793003000026716    2019031820190320826600000006312105320190314001617010608900100000000063120000142000002891829    4                       1         
G0793003000026716    2019031820190320826400000004300105320190214001354010472500100000000043000000142000002901829    4                       1         
G0793003000026716    2019031820190320826600000004550105320190214000606010423200100000000045500000142000002911829    4                       1         
G0793003000026716    2019031820190320826900000007100105320190214000665010427600100000000071000000142000002921829    4                       1         
G0793003000026716    2019031820190320826900000006650105320190214001243010465500100000000066500000142000002931829    4                       1         
G0793003000026716    2019031820190320826900000004398105320190314001470010600100100000000043980000142000002941829    4                       1         
G0793003000026716    2019031820190320826000000004230105320190314001361010592700100000000042300000142000002951829    4                       1         
G0793003000026716    2019031820190320826000000004200105320181114000029010002100100000000042000000142000002961829    4                       1         
G0793003000026716    2019031820190320826900000004290105320190314001101010576400100000000042900000142000002971829    4                       1         
G0793003000026716    2019031820190320826900000004281105320190314001084010575500100000000042810000142000002981829    4                       1         
G0793003000026716    2019031820190320826100000005800105320190214000674010428300100000000058000000142000002991829    4                       1         
G0793003000026716    2019031820190320826100000004390105320190314000946010567800100000000043900000142000003001829    4                       1         
G0793003000026716    2019031820190320826100000004300105320190214000255010399300100000000043000000142000003011829    4                       1         
G0793003000026716    2019031820190320826100000004290105320190314000021010504100100000000042900000142000003021829    4                       1         
G0793003000026716    2019031820190320826100000004200105320181213000884010196500100000000042000000142000003031829    4                       1         
G0793003000026716    2019031820190320826600000002050105320190321061320002767500100000000020500000142000003043738    4                       1         
G0793003000026716    2019031820190320826200000001315105320190304070047035786900100000000013150000142000003051829    4                       1         
G0793003000026716    2019031820190320826200000004024105320190304060273002679500100000000040240000142000003063738    4                       1         
G0793003000026716    2019031820190320826200000009959105320190301000826000760200100000000099590000142000003071141    4                       1         
G0793003000026716    2019031820190320826000000003866105320190304060898002733700100000000038660000142000003083738    4                       1         
G0793003000026716    2019031820190320826500000003932105320190304060374002687900100000000039320000142000003093738    4                       1         
G0793003000026716    2019031820190320826400000003964105320190304060686002714500100000000039640000142000003103738    4                       1         
G0793003000026716    2019031820190320826300000003965105320190304060381002688500100000000039650000142000003113738    4                       1         
G0793003000026716    2019031820190320826300000003750105320181003060135002145900100000000037500000142000003123738    4                       1         
G0793003000026716    2019031820190320826500000003863105320190304060240002676800100000000038630000142000003133738    4                       1         
G0793003000026716    2019031820190320826000000003750105320190304060180002672200100000000037500000142000003143738    4                       1         
G0793003000026716    2019031820190320826400000004469105320190304060771002722700100000000044690000142000003153738    4                       1         
G0793003000026716    2019031820190320826700000003953105320190304060472002696500100000000039530000142000003163738    4                       1         
G0793003000026716    2019031820190320826600000007037105320190304060535002701500100000000070370000142000003173738    4                       1         
G0793003000026716    2019031820190320826600000005139105320190304060497002698600100000000051390000142000003183738    4                       1         
G0793003000026716    2019031820190320826600000004050105320190204070924035772600100000000040500000142000003191829    4                       1         
G0793003000026716    2019031820190320826300000005004105320190301002116000848800100000000050040000142000003201141    4                       1         
G0793003000026716    2019031820190320826800000004260105320190215000240018080500100000000042600000142000003211141    4                       1         
G0793003000026716    2019031820190320826300000004540105320190301000475000732900100000000045400000142000003221141    4                       1         
G0793003000026716    2019031820190320826500000004200105320190301000036000858400100000000042000000142000003231141    4                       1         
G0793003000026716    2019031820190320826900000004230105320190315000429018153500100000000042300000142000003241141    4                       1         
G0793003000026716    2019031820190320826600000004331105320190315000494018158800100000000043310000142000003251141    4                       1         
G0793003000026716    2019031820190320826300000004400105320190301000646000746300100000000044000000142000003261141    4                       1         
G0793003000026716    2019031820190320826400000005666105320190301001823000828700100000000056660000142000003271141    4                       1         
G0793003000026716    2019031820190320826600000004260105320190215000332018087700100000000042600000142000003281141    4                       1         
G0793003000026716    2019031820190320826400000004845105320190301000098000704500100000000048450000142000003291141    4                       1         
G0793003000026716    2019031820190320826600000004200105320190115000309018025600100000000042000000142000003301141    4                       1         
G0793003000026716    2019031820190320826200000004345105320190315000029018123500100000000043450000142000003311141    4                       1         
G0793003000026716    2019031820190320826400000004589105320190301001397000800000100000000045890000142000003321141    4                       1         
G0793003000026716    2019031820190320826400000004379105320190301002173000853400100000000043790000142000003331141    4                       1         
G0793003000026716    2019031820190320826400000004375105320190301001408000800700100000000043750000142000003341141    4                       1         
G0793003000026716    2019031820190320826700000004290105320190301001511000807500100000000042900000142000003351141    4                       1         
G0793003000026716    2019031820190320826900000004841105320190215000649018114700100000000048410000142000003361141    4                       1         
G0793003000026716    2019031820190320826300000004521105320190315000356018148000100000000045210000142000003371141    4                       1         
G0793003000026716    2019031820190320826200000011103105320190315000650018172200100000000111030000142000003381141    4                       1         
G0793003000026716    2019031820190320826300000004324105320190315000082018127700100000000043240000142000003391141    4                       1         
G0793003000026716    2019031820190320826300000004260105320190215000384018091900100000000042600000142000003401141    4                       1         
G0793003000026716    2019031820190320826300000004260105320190215000309018085900100000000042600000142000003411141    4                       1         
G0793003000026716    2019031820190320826300000004230105320190315000342018147000100000000042300000142000003421141    4                       1         
G0793003000026716    2019031820190320826700000004230105320190315000027018123300100000000042300000142000003431141    4                       1         
G0793003000026716    2019031820190320826700000004322105320190315000355018147900100000000043220000142000003441141    4                       1         
G0793003000026716    2019031820190320826700000004323105320190315000047018124900100000000043230000142000003451141    4                       1         
G0793003000026716    2019031820190320826900000006079105320190315000470018157200100000000060790000142000003461141    4                       1         
G0793003000026716    2019031820190320826600000005533105320190315000089018128400100000000055330000142000003471141    4                       1         
G0793003000026716    2019031820190320826400000004319105320190315000701018175600100000000043190000142000003481141    4                       1         
G0793003000026716    2019031820190320826900000005392105320190315000449018155300100000000053920000142000003491141    4                       1         
G0793003000026716    2019031820190320826000000009464105320190315000389018150800100000000094640000142000003501141    4                       1         
G0793003000026716    2019031820190320826000000004260105320190215000639018113900100000000042600000142000003511141    4                       1         
G0793003000026716    2019031820190320826900000004811105320190315000549018163500100000000048110000142000003521141    4                       1         
G0793003000026716    2019031820190320826000000004364105320190315000332018146200100000000043640000142000003531141    4                       1         
G0793003000026716    2019031820190320826900000004253105320190215000093018068600100000000042530000142000003541141    4                       1         
G0793003000026716    2019031820190320826000000004230105320190315000035018124100100000000042300000142000003551141    4                       1         
G0793003000026716    2019031820190320826100000004319105320190315000146018132500100000000043190000142000003561141    4                       1         
G0793003000026716    2019031820190320826200000010850105320190306000893028063000100000000108500000142000003574481    4                       1         
G0793003000026716    2019031820190320826800000005392105320190306000907028064100100000000053920000142000003584481    4                       1         
G0793003000026716    2019031820190320826800000004230105320190306001000028070800100000000042300000142000003594481    4                       1         
G0793003000026716    2019031820190320826800000004230105320190306000335028019900100000000042300000142000003604481    4                       1         
G0793003000026716    2019031820190320826800000004230105320190306000026028001600100000000042300000142000003614481    4                       1         
G0793003000026716    2019031820190320826200000004230105320190306000004028000300100000000042300000142000003624481    4                       1         
G0793003000026716    2019031820190320826300000004230105320190306000883028062300100000000042300000142000003634481    4                       1         
G0793003000026716    2019031820190320826100000001300105320190306000065028003500100000000013000000142000003644481    4                       1         
G0793003000026716    2019031820190320826000000004230105320190306000700028047000100000000042300000142000003654481    4                       1         
G0793003000026716    2019031820190320826500000001300105320190306000280028016500100000000013000000142000003664481    4                       1         
G0793003000026716    2019031820190320826500000004230105320190306000855028060000100000000042300000142000003674481    4                       1         
G0793003000026716    2019031820190320826700000004230105320190306000791028055100100000000042300000142000003684481    4                       1         
G0793003000026716    2019031820190320826700000004230105320190306000080028004200100000000042300000142000003694481    4                       1         
G0793003000026716    2019031820190320826000000004230105320190306000616028040000100000000042300000142000003704481    4                       1         
G0793003000026716    2019031820190320826100000007135105320190306000410028024300100000000071350000142000003714481    4                       1         
G0793003000026716    2019031820190320826700000004260105320190301000740000753300100000000042600000142000003721141    4                       1         
G0793003000026716    2019031820190320826600000011142105320190301001311000794200100000000111420000142000003731141    4                       1         
G0793003000026716    2019031820190320826600000010933105320190301001032000775000100000000109330000142000003741141    4                       1         
G0793003000026716    2019031820190320826400000004300105320190301001979000839900100000000043000000142000003751141    4                       1         
G0793003000026716    2019031820190320826900000005300105320190201001805000664100100000000053000000142000003761141    4                       1         
G0793003000026716    2019031820190320826900000005021105320190301002204000855600100000000050210000142000003771141    4                       1         
G0793003000026716    2019031820190320826900000004379105320190301000207000711900100000000043790000142000003781141    4                       1         
G0793003000026716    2019031820190320826000000004438105320190301000716000751100100000000044380000142000003791141    4                       1         
G0793003000026716    2019031820190320826000000004390105320190301002073000845900100000000043900000142000003801141    4                       1         
G0793003000026716    2019031820190320826000000004378105320190301000772000756000100000000043780000142000003811141    4                       1         
G0793003000026716    2019031820190320826000000004283105320190301000871000763700100000000042830000142000003821141    4                       1         
G0793003000026716    2019031820190320826000000004200105320190201002220000695600100000000042000000142000003831141    4                       1         
G0793003000026716    2019031820190320826900000004261105320190301000742000753500100000000042610000142000003841141    4                       1         
G0793003000026716    2019031820190320826000000017135105320190301001684000818800100000000171350000142000003851141    4                       1         
G0793003000026716    2019031820190320826000000008951105320190301001136000782600100000000089510000142000003861141    4                       1         
G0793003000026716    2019031820190320826000000008183105320190301000914000766600100000000081830000142000003871141    4                       1         
G0793003000026716    2019031820190320826000000007800105320190301001222000788800100000000078000000142000003881141    4                       1         
G0793003000026716    2019031820190320826000000004276105320190314000879010564500100000000042760000142000003891829    4                       1         
G0793003000026716    2019031820190320826800000010950105320190214001509010482900100000000109500000142000003901829    4                       1         
G0793003000026716    2019031820190320826100000004833105320190304000634002632900100000000048330000142000003911116    4                       1         
G0793003000026716    2019031820190320826900000004190105320190404000079002649000100000000041900000142000003921116    4                       1         
G0793003000026716    2019031820190320826800000004261105320190304000583002630300100000000042610000142000003931116    4                       1         
G0793003000026716    2019031820190320826800000007600105320190214000847010442500100000000076000000142000003941829    4                       1         
G0793003000026716    2019031820190320826800000006890105320190314001473010600400100000000068900000142000003951829    4                       1         
G0793003000026716    2019031820190320826800000004488105320190314001620010609200100000000044880000142000003961829    4                       1         
G0793003000026716    2019031820190320826500000007172105320190314000805010559000100000000071720000142000003971829    4                       1         
G0793003000026716    2019031820190320826800000004271105320190314000775010556600100000000042710000142000003981829    4                       1         
G0793003000026716    2019031820190320826800000004200105320190114000884010321600100000000042000000142000003991829    4                       1         
G0793003000026716    2019031820190320826700000004950105320190214001299010469200100000000049500000142000004001829    4                       1         
G0793003000026716    2019031820190320826700000004532105320190314001417010596600100000000045320000142000004011829    4                       1         
G0793003000026716    2019031820190320826500000012269105320190314001739010616200100000000122690000142000004021829    4                       1         
G0793003000026716    2019031820190320826300000004381105320190314001148010579300100000000043810000142000004031829    4                       1         
G0793003000026716    2019031820190320826500000006250105320190214000483010414100100000000062500000142000004041829    4                       1         
G0793003000026716    2019031820190320826500000004838105320190314001614010608600100000000048380000142000004051829    4                       1         
G0793003000026716    2019031820190320826800000004190105320190404000161002653600100000000041900000142000004061116    4                       1         
G0793003000026716    2019031820190320826700000004364105320190304000558002628400100000000043640000142000004071116    4                       1         
G0793003000026716    2019031820190320826500000004400105320190304000637002633200100000000044000000142000004081116    4                       1         
G0793003000026716    2019031820190320826500000004379105320190304000573002629600100000000043790000142000004091116    4                       1         
G0793003000026716    2019031820190320826200000004190105320190404000675002680700100000000041900000142000004101116    4                       1         
G0793003000026716    2019031820190320826400000004765105320190404000374002664100100000000047650000142000004111116    4                       1         
G0793003000026716    2019031820190320826700000004190105320190404000514002671300100000000041900000142000004121116    4                       1         
G0793003000026716    2019031820190320826600000006682105320190304000225002611500100000000066820000142000004131116    4                       1         
G0793003000026716    2019031820190320826600000004799105320190304000446002621800100000000047990000142000004141116    4                       1         
G0793003000026716    2019031820190320826900000004377105320190304000461002622600100000000043770000142000004151116    4                       1         
G0793003000026716    2019031820190320826100000005548105320190304000808002643900100000000055480000142000004161116    4                       1         
G0793003000026716    2019031820190320826000000004230105320190306000536045045300100000000042300000142000004171829    4                       1         
G0793003000026716    2019031820190320826200000004230105320190306000596045050600100000000042300000142000004181829    4                       1         
G0793003000026716    2019031820190320826800000005392105320190306000263045022700100000000053920000142000004191829    4                       1         
G0793003000026716    2019031820190320826900000004230105320190306000673045056300100000000042300000142000004201829    4                       1         
G0793003000026716    2019031820190320826900000004230105320190306000646045054100100000000042300000142000004211829    4                       1         
G0793003000026716    2019031820190320826200000004230105320190306000577045049000100000000042300000142000004221829    4                       1         
G0793003000026716    2019031820190320826200000004230105320190306000159045013400100000000042300000142000004231829    4                       1         
G0793003000026716    2019031820190320826300000004230105320190306000693045057800100000000042300000142000004241829    4                       1         
G0793003000026716    2019031820190320826300000004230105320190306000706045059000100000000042300000142000004251829    4                       1         
G0793003000026716    2019031820190320826000000006554105320190306000198045017100100000000065540000142000004261829    4                       1         
G0793003000026716    2019031820190320826900000004260105320190321000790014417400100000000042600000142000004273089    4                       1         
G0793003000026716    2019031820190320826900000004239105320190321000466014390000100000000042390000142000004283089    4                       1         
G0793003000026716    2019031820190320826900000001349105320190321000526014395300100000000013490000142000004293089    4                       1         
G0793003000026716    2019031820190320826800000020408105320190221000039014267500100000000204080000142000004303089    4                       1         
G0793003000026716    2019031820190320826800000007163105320190221000073014270700100000000071630000142000004313089    4                       1         
G0793003000026716    2019031820190320826800000007040105320190221000549014313900100000000070400000142000004323089    4                       1         
G0793003000026716    2019031820190320826800000005664105320190221000360014296700100000000056640000142000004333089    4                       1         
G0793003000026716    2019031820190320826800000004910105320190321000384014382300100000000049100000142000004343089    4                       1         
G0793003000026716    2019031820190320826800000001464105320190221000474014307300100000000014640000142000004353089    4                       1         
G0793003000026716    2019031820190320826800000001310105320190321000826014420400100000000013100000142000004363089    4                       1         
G0793003000026716    2019031820190320826700000022285105320190221000080014271400100000000222850000142000004373089    4                       1         
G0793003000026716    2019031820190320826700000005618105320190221000842014338500100000000056180000142000004383089    4                       1         
G0793003000026716    2019031820190320826700000004928105320190221000053014268800100000000049280000142000004393089    4                       1         
G0793003000026716    2019031820190320826700000004449105320190221000875014340700100000000044490000142000004403089    4                       1         
G0793003000026716    2019031820190320826700000004370105320190321000251014370200100000000043700000142000004413089    4                       1         
G0793003000026716    2019031820190320826700000004333105320190221000481014308000100000000043330000142000004423089    4                       1         
G0793003000026716    2019031820190320826600000004532105320190321000899014425600100000000045320000142000004433089    4                       1         
G0793003000026716    2019031820190320826600000004301105320190221000824014337000100000000043010000142000004443089    4                       1         
Z00044600000000002287939                                                                                                                              
