A2201053              HIDROFORTETOCANTINS 104CAIXA ECON. FEDERAL 2019032000157403                                                                     
G0793003000026716    2019031920190320826900000006634105320190221000807014335600100000000066340000142000000013089    3                       1         
G0793003000026716    2019031920190320826600000004194105320190304070239035798900100000000041940000142000000021829    3                       1         
G0793003000026716    2019031920190320826500000006980105320190404070679035908300100000000069800000142000000031829    3                       1         
G0793003000026716    2019031920190321826700000004162105300100000070667081802300000000000041620000142000000043939    4                       1         
G0793003000026716    2019031920190321826800000001359105300100000070892081823300000000000013590000142000000053939    4                       1         
G0793003000026716    2019031920190321826800000001352105300100000070858081820400000000000013520000142000000063939    4                       1         
G0793003000026716    2019031920190321826700000004274105300100000070516081787600000000000042740000142000000073939    4                       1         
G0793003000026716    2019031920190321826200000004244105300100000071291081861600000000000042440000142000000083939    4                       1         
G0793003000026716    2019031920190321826300000004267105300100000071114081844500000000000042670000142000000093939    4                       1         
G0793003000026716    2019031920190321826100000004750105300100000061303002663600000000000047500000142000000103738    4                       1         
G0793003000026716    2019031920190321826700000001309105300100000071096081842800000000000013090000142000000113939    4                       1         
G0793003000026716    2019031920190321826900000004650105300100000061280002348300000000000046500000142000000123738    4                       1         
G0793003000026716    2019031920190321826100000003500105300100000071953081750400000000000035000000142000000133939    4                       1         
G0793003000026716    2019031920190321826100000001366105300100000070910081825000000000000013660000142000000143939    4                       1         
G0793003000026716    2019031920190321826100000001363105300100000071808081909700000000000013630000142000000153939    4                       1         
G0793003000026716    2019031920190321826000000011248105300100000071879081916500000000000112480000142000000163939    4                       1         
G0793003000026716    2019031920190321826400000004175105300100000070453081781800000000000041750000142000000173939    4                       1         
G0793003000026716    2019031920190321826400000003614105300100000070308081768100000000000036140000142000000183939    4                       1         
G0793003000026716    2019031920190321826400000001294105300100000071953081923500000000000012940000142000000193939    4                       1         
G0793003000026716    2019031920190321826300000004206105300100000071842081913000000000000042060000142000000203939    4                       1         
G0793003000026716    2019031920190321826300000001372105300100000071852081914000000000000013720000142000000213939    4                       1         
G0793003000026716    2019031920190321826500000001296105300100000070998081833300000000000012960000142000000223939    4                       1         
G0793003000026716    2019031920190321826600000004732105300100000071870081915600000000000047320000142000000233939    4                       1         
G0793003000026716    2019031920190321826600000004345105300100000070831081818000000000000043450000142000000243939    4                       1         
G0793003000026716    2019031920190321826600000004284105300100000071113081844400000000000042840000142000000253939    4                       1         
G0793003000026716    2019031920190321826600000001362105300100000071064081839700000000000013620000142000000263939    4                       1         
G0793003000026716    2019031920190321826900000004197105300100000070313081768600000000000041970000142000000273939    4                       1         
G0793003000026716    2019031920190321826800000004265105300100000071055081838800000000000042650000142000000283939    4                       1         
G0793003000026716    2019031920190321826900000009294105300100000070808081815900000000000092940000142000000293939    4                       1         
G0793003000026716    2019031920190321826000000004200105300100000072008081927500000000000042000000142000000303939    4                       1         
G0793003000026716    2019031920190321826900000006902105320190313000526000862800100000000069020000142000000311141    4                       1         
G0793003000026716    2019031920190321826000000003862105320190304060664002712300100000000038620000142000000323738    4                       1         
G0793003000026716    2019031920190321826700000008460105320190315000155018133000100000000084600000142000000331141    4                       1         
G0793003000026716    2019031920190321826300000004327105320190404070406035888900100000000043270000142000000341829    4                       1         
G0793003000026716    2019031920190321826800000004260105320190215000172018075000100000000042600000142000000351141    4                       1         
G0793003000026716    2019031920190321826100000001357105320190304070491035818100100000000013570000142000000361829    4                       1         
G0793003000026716    2019031920190321826200000004100105320190103070836035688900100000000041000000142000000371829    4                       1         
G0793003000026716    2019031920190321826400000001317105320190304070493035818300100000000013170000142000000381829    4                       1         
G0793003000026716    2019031920190321826400000004222105320190304070253035800200100000000042220000142000000391829    4                       1         
G0793003000026716    2019031920190321826300000009000105320190204070505035742000100000000090000000142000000401829    4                       1         
G0793003000026716    2019031920190321826700000003300105320190306005855006913900100000000033000000142000000413863    4                       1         
G0793003000026716    2019031920190321826200000003185105320190306002800006875600100000000031850000142000000423863    4                       1         
G0793003000026716    2019031920190321826000000004090105320190404070322035883600100000000040900000142000000431829    4                       1         
G0793003000026716    2019031920190321826800000004260105320190304070492035818200100000000042600000142000000441829    4                       1         
G0793003000026716    2019031920190321826700000010850105320190201001871000668600100000000108500000142000000451141    4                       1         
G0793003000026716    2019031920190321826700000007362105320190301001450000803200100000000073620000142000000461141    4                       1         
G0793003000026716    2019031920190321826700000004425105320190301000367000724300100000000044250000142000000471141    4                       1         
G0793003000026716    2019031920190321826700000004399105320190301000003000697500100000000043990000142000000481141    4                       1         
G0793003000026716    2019031920190321826100000010541105320190301002044000844000100000000105410000142000000491141    4                       1         
G0793003000026716    2019031920190321826100000005350105320190201000896000600400100000000053500000142000000501141    4                       1         
G0793003000026716    2019031920190321826300000014819105320190301000507000735500100000000148190000142000000511141    4                       1         
G0793003000026716    2019031920190321826300000004999105320190301000391000726200100000000049990000142000000521141    4                       1         
G0793003000026716    2019031920190321826300000004300105320190301002075000846100100000000043000000142000000531141    4                       1         
G0793003000026716    2019031920190321826300000004200105320190301001063000858200100000000042000000142000000541141    4                       1         
G0793003000026716    2019031920190321826200000005608105320190301000483000733700100000000056080000142000000551141    4                       1         
G0793003000026716    2019031920190321826200000004442105320190301001595000812700100000000044420000142000000561141    4                       1         
G0793003000026716    2019031920190321826500000004414105320190301001117000781100100000000044140000142000000571141    4                       1         
G0793003000026716    2019031920190321826500000004381105320190301000853000762200100000000043810000142000000581141    4                       1         
G0793003000026716    2019031920190321826500000004350105320190201001764000661000100000000043500000142000000591141    4                       1         
G0793003000026716    2019031920190321826400000005410105320190301000932000767800100000000054100000142000000601141    4                       1         
G0793003000026716    2019031920190321826600000006869105320190301001553000810100100000000068690000142000000611141    4                       1         
G0793003000026716    2019031920190321826000000007197105320190301001101000780100100000000071970000142000000621141    4                       1         
G0793003000026716    2019031920190321826000000005550105320190103001063000441200100000000055500000142000000631141    4                       1         
G0793003000026716    2019031920190321826000000004533105320190301000971000771100100000000045330000142000000641141    4                       1         
G0793003000026716    2019031920190321826900000004290105320190301000896000765300100000000042900000142000000651141    4                       1         
G0793003000026716    2019031920190321826800000009677105320190306001710006866500100000000096770000142000000663863    4                       1         
G0793003000026716    2019031920190321826000000004230105320190215000337018088100100000000042300000142000000671141    4                       1         
G0793003000026716    2019031920190321826100000004841105320190215000431018095400100000000048410000142000000681141    4                       1         
G0793003000026716    2019031920190321826100000008644105320190215000296018084700100000000086440000142000000691141    4                       1         
G0793003000026716    2019031920190321826400000004260105320190215000231018079900100000000042600000142000000701141    4                       1         
G0793003000026716    2019031920190321826100000004260105320190215000180018075800100000000042600000142000000711141    4                       1         
G0793003000026716    2019031920190321826100000004230105320190315000435018154000100000000042300000142000000721141    4                       1         
G0793003000026716    2019031920190321826300000008644105320190215000155018073300100000000086440000142000000731141    4                       1         
G0793003000026716    2019031920190321826300000008632105320190215000590018109500100000000086320000142000000741141    4                       1         
G0793003000026716    2019031920190321826300000007241105320190315000371018149100100000000072410000142000000751141    4                       1         
G0793003000026716    2019031920190321826300000006584105320190215000485018100000100000000065840000142000000761141    4                       1         
G0793003000026716    2019031920190321826000000004230105320190315000513018160400100000000042300000142000000771141    4                       1         
G0793003000026716    2019031920190321826600000010142105320190215000285018083800100000000101420000142000000781141    4                       1         
G0793003000026716    2019031920190321826200000015335105320190215000380018091500100000000153350000142000000791141    4                       1         
G0793003000026716    2019031920190321826300000004354105320190315000166018133900100000000043540000142000000801141    4                       1         
G0793003000026716    2019031920190321826300000004841105320190215000012018061600100000000048410000142000000811141    4                       1         
G0793003000026716    2019031920190321826300000006575105320190215000030018063300100000000065750000142000000821141    4                       1         
G0793003000026716    2019031920190321826300000005514105320190215000655018115200100000000055140000142000000831141    4                       1         
G0793003000026716    2019031920190321826500000004822105320190215000006018061100100000000048220000142000000841141    4                       1         
G0793003000026716    2019031920190321826300000004260105320190215000638018113800100000000042600000142000000851141    4                       1         
G0793003000026716    2019031920190321826300000004260105320190215000587018109200100000000042600000142000000861141    4                       1         
G0793003000026716    2019031920190321826300000004260105320190215000500018101300100000000042600000142000000871141    4                       1         
G0793003000026716    2019031920190321826300000004260105320190215000333018087800100000000042600000142000000881141    4                       1         
G0793003000026716    2019031920190321826300000004230105320190315000545018163200100000000042300000142000000891141    4                       1         
G0793003000026716    2019031920190321826200000007908105320190215000366018090200100000000079080000142000000901141    4                       1         
G0793003000026716    2019031920190321826200000007830105320190315000568018165100100000000078300000142000000911141    4                       1         
G0793003000026716    2019031920190321826500000004345105320190215000110018070100100000000043450000142000000921141    4                       1         
G0793003000026716    2019031920190321826200000004353105320190215000022018062500100000000043530000142000000931141    4                       1         
G0793003000026716    2019031920190321826200000004943105320190215000377018091200100000000049430000142000000941141    4                       1         
G0793003000026716    2019031920190321826500000004260105320190215000461018098300100000000042600000142000000951141    4                       1         
G0793003000026716    2019031920190321826500000004260105320190215000269018082400100000000042600000142000000961141    4                       1         
G0793003000026716    2019031920190321826500000004260105320190215000225018079300100000000042600000142000000971141    4                       1         
G0793003000026716    2019031920190321826400000009392105320190215000140018072300100000000093920000142000000981141    4                       1         
G0793003000026716    2019031920190321826600000016369105320190215000535018104600100000000163690000142000000991141    4                       1         
G0793003000026716    2019031920190321826900000004345105320190215000115018070600100000000043450000142000001001141    4                       1         
G0793003000026716    2019031920190321826000000005396105320190215000723018120500100000000053960000142000001011141    4                       1         
G0793003000026716    2019031920190321826600000006003105320190215000014018061800100000000060030000142000001021141    4                       1         
G0793003000026716    2019031920190321826600000005422105320190215000019018062300100000000054220000142000001031141    4                       1         
G0793003000026716    2019031920190321826600000004822105320190215000644018114300100000000048220000142000001041141    4                       1         
G0793003000026716    2019031920190321826600000004365105320190215000513018102500100000000043650000142000001051141    4                       1         
G0793003000026716    2019031920190321826600000004319105320190315000673018173800100000000043190000142000001061141    4                       1         
G0793003000026716    2019031920190321826500000012153105320190215000165018074300100000000121530000142000001071141    4                       1         
G0793003000026716    2019031920190321826500000007274105320190315000590018167100100000000072740000142000001081141    4                       1         
G0793003000026716    2019031920190321826000000004375105320190315000006018121700100000000043750000142000001091141    4                       1         
G0793003000026716    2019031920190321826700000001189105320190304060674002713300100000000011890000142000001103738    4                       1         
G0793003000026716    2019031920190321826700000008557105320190304070332035806300100000000085570000142000001111829    4                       1         
G0793003000026716    2019031920190321826100000004224105320190304070594035824700100000000042240000142000001121829    4                       1         
G0793003000026716    2019031920190321826100000004090105320190404071003035931400100000000040900000142000001131829    4                       1         
G0793003000026716    2019031920190321826600000006172105320190304060335002684500100000000061720000142000001143738    4                       1         
G0793003000026716    2019031920190321826500000004190105320190404000739002684100100000000041900000142000001151116    4                       1         
G0793003000026716    2019031920190321826100000004090105320190404070163035870900100000000040900000142000001161829    4                       1         
G0793003000026716    2019031920190321826500000004190105320190404000300002660900100000000041900000142000001171116    4                       1         
G0793003000026716    2019031920190321826500000004190105320190404000114002650800100000000041900000142000001181116    4                       1         
G0793003000026716    2019031920190321826500000004090105320190404070587035901300100000000040900000142000001191829    4                       1         
G0793003000026716    2019031920190321826200000004241105320190215000460018098200100000000042410000142000001201141    4                       1         
G0793003000026716    2019031920190321826600000003170105320190306001590006865200100000000031700000142000001213863    4                       1         
G0793003000026716    2019031920190321826600000003158105320190306005540006901400100000000031580000142000001223863    4                       1         
G0793003000026716    2019031920190321826400000007636105320190404070384035887200100000000076360000142000001231829    4                       1         
G0793003000026716    2019031920190321826600000004750105320190204000191002561200100000000047500000142000001241116    4                       1         
G0793003000026716    2019031920190321826800000010791105320190304000075002602500100000000107910000142000001251116    4                       1         
G0793003000026716    2019031920190321826800000005915105320190404000783002687100100000000059150000142000001261116    4                       1         
G0793003000026716    2019031920190321826800000004090105320190404070164035871000100000000040900000142000001271829    4                       1         
G0793003000026716    2019031920190321826400000004125105320190404070169035871400100000000041250000142000001281829    4                       1         
G0793003000026716    2019031920190321826400000004090105320190304070705035833400100000000040900000142000001291829    4                       1         
G0793003000026716    2019031920190321826700000004230105320190315000676018173900100000000042300000142000001301141    4                       1         
G0793003000026716    2019031920190321826700000004365105320190215000538018104900100000000043650000142000001311141    4                       1         
G0793003000026716    2019031920190321826100000010856105320190301002061000845300100000000108560000142000001321141    4                       1         
G0793003000026716    2019031920190321826800000004361105320190306002890006876500100000000043610000142000001333863    4                       1         
G0793003000026716    2019031920190321826200000004230105320190315000522018161200100000000042300000142000001341141    4                       1         
G0793003000026716    2019031920190321826800000004357105320190304000725002638100100000000043570000142000001351116    4                       1         
G0793003000026716    2019031920190321826000000004270105320190304000523002626100100000000042700000142000001361116    4                       1         
G0793003000026716    2019031920190321826900000004765105320190404000046002647800100000000047650000142000001371116    4                       1         
G0793003000026716    2019031920190321826000000004190105320190404000225002657500100000000041900000142000001381116    4                       1         
G0793003000026716    2019031920190321826300000004230105320190306000101045008600100000000042300000142000001391829    4                       1         
G0793003000026716    2019031920190321826700000008460105320190306000008045000600100000000084600000142000001401829    4                       1         
G0793003000026716    2019031920190321826000000004050105320190204070342035729800100000000040500000142000001411829    4                       1         
G0793003000026716    2019031920190321826800000005415105320190321000119014358700100000000054150000142000001423089    4                       1         
G0793003000026716    2019031920190321826700000009698105320190221000224014284400100000000096980000142000001433089    4                       1         
G0793003000026716    2019031920190321826700000005584105320190221000548014313800100000000055840000142000001443089    4                       1         
G0793003000026716    2019031920190321826300000003200105320190205002800006805000100000000032000000142000001453863    4                       1         
G0793003000026716    2019031920190321826600000003314105320190306005544006901700100000000033140000142000001463863    4                       1         
G0793003000026716    2019031920190321826700000004432105320190221000006014264400100000000044320000142000001473089    4                       1         
G0793003000026716    2019031920190321826700000004339105320190321000072014354500100000000043390000142000001483089    4                       1         
G0793003000026716    2019031920190321826200000001340105320190321000809014419100100000000013400000142000001493089    4                       1         
G0793003000026716    2019031920190321826100000004260105320190321000703014410900100000000042600000142000001503089    4                       1         
G0793003000026716    2019031920190321826100000004260105320190321000340014378400100000000042600000142000001513089    4                       1         
G0793003000026716    2019031920190321826400000004260105320190321000606014402200100000000042600000142000001523089    4                       1         
G0793003000026716    2019031920190321826300000007992105320190221000655014323000100000000079920000142000001533089    4                       1         
G0793003000026716    2019031920190321826900000001232105320190304060752002720800100000000012320000142000001543738    4                       1         
G0793003000026716    2019031920190321826800000007337105320190304061010002743400100000000073370000142000001553738    4                       1         
G0793003000026716    2019031920190321826800000005150105320190321061303002766600100000000051500000142000001563738    4                       1         
G0793003000026716    2019031920190321826800000004855105320190304060788002724100100000000048550000142000001573738    4                       1         
G0793003000026716    2019031920190321826000000005944105320190304070817035841100100000000059440000142000001581829    4                       1         
G0793003000026716    2019031920190321826300000004260105320190321000349014379300100000000042600000142000001593089    4                       1         
G0793003000026716    2019031920190321826900000004200105320190201001707000695400100000000042000000142000001601141    4                       1         
G0793003000026716    2019031920190321826300000001320105320190321000464014389800100000000013200000142000001613089    4                       1         
G0793003000026716    2019031920190321826200000004369105320190321000094014356500100000000043690000142000001623089    4                       1         
G0793003000026716    2019031920190321826500000004260105320190321000945014429100100000000042600000142000001633089    4                       1         
G0793003000026716    2019031920190321826500000004260105320190321000453014388700100000000042600000142000001643089    4                       1         
G0793003000026716    2019031920190321826400000007011105320190221000645014322000100000000070110000142000001653089    4                       1         
G0793003000026716    2019031920190321826400000006764105320190221000265014288100100000000067640000142000001663089    4                       1         
G0793003000026716    2019031920190321826600000013943105320190221000363014297000100000000139430000142000001673089    4                       1         
G0793003000026716    2019031920190321826600000004433105320190221000784014333600100000000044330000142000001683089    4                       1         
G0793003000026716    2019031920190321826600000004251105320190321000527014395400100000000042510000142000001693089    4                       1         
G0793003000026716    2019031920190321826600000001492105320190221000161014278800100000000014920000142000001703089    4                       1         
G0793003000026716    2019031920190321826600000001320105320190321000206014366200100000000013200000142000001713089    4                       1         
G0793003000026716    2019031920190321826600000001314105320190321000533014396000100000000013140000142000001723089    4                       1         
G0793003000026716    2019031920190321826000000006761105320190221000761014331700100000000067610000142000001733089    4                       1         
G0793003000026716    2019031920190321826000000004433105320190221000556014314400100000000044330000142000001743089    4                       1         
G0793003000026716    2019031920190321826000000004405105320190321000933014428400100000000044050000142000001753089    4                       1         
G0793003000026716    2019031920190321826500000008949105320190221000221014284100100000000089490000142000001763089    4                       1         
G0793003000026716    2019031920190321826500000008358105320190221000403014300300100000000083580000142000001773089    4                       1         
G0793003000026716    2019031920190321826900000004230105320190221000436014303600100000000042300000142000001783089    4                       1         
G0793003000026716    2019031920190321826900000004200105320181203001707000318100100000000042000000142000001791141    4                       1         
G0793003000026716    2019031920190321826900000004260105320190215000180022088300100000000042600000142000001803722    4                       1         
G0793003000026716    2019031920190321826000000004263105320190304070595035824800100000000042630000142000001811829    4                       1         
G0793003000026716    2019031920190321826300000006354105320190304070124035791400100000000063540000142000001823939    4                       1         
G0793003000026716    2019031920190321826800000009951105320190301001309000794000100000000099510000142000001831141    4                       1         
G0793003000026716    2019031920190321826100000003850105320181206001067095617200100000000038500000142000001844481    4                       1         
G0793003000026716    2019031920190321826900000003850105320181107001067000106200100000000038500000142000001854481    4                       1         
G0793003000026716    2019031920190321826800000004230105320190325000595024124100100000000042300000142000001861737    4                       1         
G0793003000026716    2019031920190321826900000016447105320190301001871000831900100000000164470000142000001871141    4                       1         
G0793003000026716    2019031920190321826900000004385105320190301002010000841800100000000043850000142000001881141    4                       1         
G0793003000026716    2019031920190321826800000004200105320190214001072010455000100000000042000000142000001891829    4                       1         
G0793003000026716    2019031920190321826800000004200105320190114000082010263600100000000042000000142000001901829    4                       1         
G0793003000026716    2019031920190321826700000012800105320190214001363010473200100000000128000000142000001911829    4                       1         
G0793003000026716    2019031920190321826700000011040105320190314001613010608500100000000110400000142000001921829    4                       1         
G0793003000026716    2019031920190321826700000010950105320190214001116010457300100000000109500000142000001931829    4                       1         
G0793003000026716    2019031920190321826700000004510105320190314001447010598500100000000045100000142000001941829    4                       1         
G0793003000026716    2019031920190321826700000004350105320190214001552010485100100000000043500000142000001951829    4                       1         
G0793003000026716    2019031920190321826700000004290105320190314001449010598700100000000042900000142000001961829    4                       1         
G0793003000026716    2019031920190321826200000004300105320190214001612010489100100000000043000000142000001971829    4                       1         
G0793003000026716    2019031920190321826100000004950105320190214000682010428800100000000049500000142000001981829    4                       1         
G0793003000026716    2019031920190321826100000004450105320190214001241010465400100000000044500000142000001991829    4                       1         
G0793003000026716    2019031920190321826100000004394105320190314000286010522700100000000043940000142000002001829    4                       1         
G0793003000026716    2019031920190321826400000004900105320190214001278010467700100000000049000000142000002011829    4                       1         
G0793003000026716    2019031920190321826400000004440105320190314001261010586300100000000044400000142000002021829    4                       1         
G0793003000026716    2019031920190321826400000004350105320190214000286010401500100000000043500000142000002031829    4                       1         
G0793003000026716    2019031920190321826400000004290105320190314001521010603100100000000042900000142000002041829    4                       1         
G0793003000026716    2019031920190321826300000011450105320190214000306010403000100000000114500000142000002051829    4                       1         
G0793003000026716    2019031920190321826300000005550105320190214000679010428500100000000055500000142000002061829    4                       1         
G0793003000026716    2019031920190321826300000005050105320190214001117010457400100000000050500000142000002071829    4                       1         
G0793003000026716    2019031920190321826300000004350105320190214001668010492400100000000043500000142000002081829    4                       1         
G0793003000026716    2019031920190321826500000004450105320190214000664010427500100000000044500000142000002091829    4                       1         
G0793003000026716    2019031920190321826300000004296105320190314000959010568600100000000042960000142000002101829    4                       1         
G0793003000026716    2019031920190321826300000001533105320190314000482010534900100000000015330000142000002111829    4                       1         
G0793003000026716    2019031920190321826200000016400105320190214000303010402700100000000164000000142000002121829    4                       1         
G0793003000026716    2019031920190321826200000013092105320190314000844010562300100000000130920000142000002131829    4                       1         
G0793003000026716    2019031920190321826200000011150105320190214001573010486400100000000111500000142000002141829    4                       1         
G0793003000026716    2019031920190321826200000004399105320190314001668010611800100000000043990000142000002151829    4                       1         
G0793003000026716    2019031920190321826200000004390105320190314001580010606400100000000043900000142000002161829    4                       1         
G0793003000026716    2019031920190321826200000004385105320190314001489010601100100000000043850000142000002171829    4                       1         
G0793003000026716    2019031920190321826200000004350105320190214001129010458200100000000043500000142000002181829    4                       1         
G0793003000026716    2019031920190321826500000004302105320190314000174010514800100000000043020000142000002191829    4                       1         
G0793003000026716    2019031920190321826500000001323105320190304070936035849700100000000013230000142000002201829    4                       1         
G0793003000026716    2019031920190321826400000009800105320190214000763010435400100000000098000000142000002211829    4                       1         
G0793003000026716    2019031920190321826400000009550105320190214000844010442200100000000095500000142000002221829    4                       1         
G0793003000026716    2019031920190321826400000007750105320190214001617010489600100000000077500000142000002231829    4                       1         
G0793003000026716    2019031920190321826400000006700105320190214001736010496600100000000067000000142000002241829    4                       1         
G0793003000026716    2019031920190321826400000006640105320190314001506010602200100000000066400000142000002251829    4                       1         
G0793003000026716    2019031920190321826800000004230105320190325000478024113800100000000042300000142000002261737    4                       1         
G0793003000026716    2019031920190321826100000003975105320190304060350002686000100000000039750000142000002273738    4                       1         
G0793003000026716    2019031920190321826800000004230105320190225000442024042800100000000042300000142000002281737    4                       1         
G0793003000026716    2019031920190321826200000004230105320190325000010024073300100000000042300000142000002291737    4                       1         
G0793003000026716    2019031920190321826100000004316105320190325000398024107300100000000043160000142000002301737    4                       1         
G0793003000026716    2019031920190321826100000004230105320190325000680024131300100000000042300000142000002311737    4                       1         
G0793003000026716    2019031920190321826400000004230105320190325000602024124800100000000042300000142000002321737    4                       1         
G0793003000026716    2019031920190321826400000004230105320190225000638024062000100000000042300000142000002331737    4                       1         
G0793003000026716    2019031920190321826300000004230105320190325000574024122200100000000042300000142000002341737    4                       1         
G0793003000026716    2019031920190321826300000004230105320190225000680024066200100000000042300000142000002351737    4                       1         
G0793003000026716    2019031920190321826500000004230105320190325000391024106600100000000042300000142000002361737    4                       1         
G0793003000026716    2019031920190321826500000004230105320190225000525024050900100000000042300000142000002371737    4                       1         
G0793003000026716    2019031920190321826600000005973105320190325000439024110400100000000059730000142000002381737    4                       1         
G0793003000026716    2019031920190321826600000004811105320190325000131024084000100000000048110000142000002391737    4                       1         
G0793003000026716    2019031920190321826600000004811105320190225000427024041300100000000048110000142000002401737    4                       1         
G0793003000026716    2019031920190321826500000008460105320190325000277024096300100000000084600000142000002411737    4                       1         
G0793003000026716    2019031920190321826900000004319105320190325000609024125400100000000043190000142000002421737    4                       1         
G0793003000026716    2019031920190321826000000004230105320190325000316024099900100000000042300000142000002431737    4                       1         
G0793003000026716    2019031920190321826000000004230105320190225000551024053400100000000042300000142000002441737    4                       1         
G0793003000026716    2019031920190321826400000006250105320190214001216010463700100000000062500000142000002451829    4                       1         
G0793003000026716    2019031920190321826200000007250105320190321061327002768200100000000072500000142000002463738    4                       1         
G0793003000026716    2019031920190321826900000004361105320190315000617018169300100000000043610000142000002471141    4                       1         
G0793003000026716    2019031920190321826900000004353105320190215000719018120100100000000043530000142000002481141    4                       1         
G0793003000026716    2019031920190321826800000009316105320190215000173018075100100000000093160000142000002491141    4                       1         
G0793003000026716    2019031920190321826900000004260105320190215000614018111500100000000042600000142000002501141    4                       1         
G0793003000026716    2019031920190321826900000004260105320190215000236018080300100000000042600000142000002511141    4                       1         
G0793003000026716    2019031920190321826900000004260105320190215000061018065700100000000042600000142000002521141    4                       1         
G0793003000026716    2019031920190321826900000004241105320190215000241018080600100000000042410000142000002531141    4                       1         
G0793003000026716    2019031920190321826800000005542105320190315000296018143700100000000055420000142000002541141    4                       1         
G0793003000026716    2019031920190321826800000004362105320190215000545018105500100000000043620000142000002551141    4                       1         
G0793003000026716    2019031920190321826000000004357105320190215000108018069900100000000043570000142000002561141    4                       1         
G0793003000026716    2019031920190321826000000004343105320190315000117018130900100000000043430000142000002571141    4                       1         
G0793003000026716    2019031920190321826900000007994105320190315000500018159300100000000079940000142000002581141    4                       1         
G0793003000026716    2019031920190321826900000007269105320190315000644018171700100000000072690000142000002591141    4                       1         
G0793003000026716    2019031920190321826900000005422105320190215000436018095900100000000054220000142000002601141    4                       1         
G0793003000026716    2019031920190321826900000004841105320190215000438018096100100000000048410000142000002611141    4                       1         
G0793003000026716    2019031920190321826900000004841105320190215000023018062600100000000048410000142000002621141    4                       1         
G0793003000026716    2019031920190321826000000004230105320190215000083018067600100000000042300000142000002631141    4                       1         
G0793003000026716    2019031920190321826800000004230105320190306000654028043100100000000042300000142000002644481    4                       1         
G0793003000026716    2019031920190321826200000004230105320190306000312028018600100000000042300000142000002654481    4                       1         
G0793003000026716    2019031920190321826000000004230105320190306000768028053000100000000042300000142000002664481    4                       1         
G0793003000026716    2019031920190321826400000004230105320190306000795028055500100000000042300000142000002674481    4                       1         
G0793003000026716    2019031920190321826400000004230105320190306000028028001700100000000042300000142000002684481    4                       1         
G0793003000026716    2019031920190321826400000004230105320190306000011028000700100000000042300000142000002694481    4                       1         
G0793003000026716    2019031920190321826300000008621105320190306000632028041200100000000086210000142000002704481    4                       1         
G0793003000026716    2019031920190321826200000009306105320190306000391028022900100000000093060000142000002714481    4                       1         
G0793003000026716    2019031920190321826500000004230105320190306000751028051300100000000042300000142000002724481    4                       1         
G0793003000026716    2019031920190321826200000004350105320190214000711010431100100000000043500000142000002731829    4                       1         
G0793003000026716    2019031920190321826600000004860105320190314001639010610000100000000048600000142000002741829    4                       1         
G0793003000026716    2019031920190321826600000004450105320190214001593010488000100000000044500000142000002751829    4                       1         
G0793003000026716    2019031920190321826500000004230105320190306000675028044900100000000042300000142000002764481    4                       1         
G0793003000026716    2019031920190321826400000010850105320190306001088028077700100000000108500000142000002774481    4                       1         
G0793003000026716    2019031920190321826900000004368105320190304000750002639700100000000043680000142000002781116    4                       1         
G0793003000026716    2019031920190321826200000004190105320190404000631002678100100000000041900000142000002791116    4                       1         
G0793003000026716    2019031920190321826600000004440105320190314001593010607400100000000044400000142000002801829    4                       1         
G0793003000026716    2019031920190321826200000004190105320190404000128002651600100000000041900000142000002811116    4                       1         
G0793003000026716    2019031920190321826700000001290105320190404000199002655600100000000012900000142000002821116    4                       1         
G0793003000026716    2019031920190321826600000004400105320190314000221010518300100000000044000000142000002831829    4                       1         
G0793003000026716    2019031920190321826600000004290105320190314000222010518400100000000042900000142000002841829    4                       1         
G0793003000026716    2019031920190321826600000004200105320190214001121010457500100000000042000000142000002851829    4                       1         
G0793003000026716    2019031920190321826000000008300105320190214001044010453700100000000083000000142000002861829    4                       1         
G0793003000026716    2019031920190321826000000005650105320190214001186010461700100000000056500000142000002871829    4                       1         
G0793003000026716    2019031920190321826000000004800105320190214001721010495900100000000048000000142000002881829    4                       1         
G0793003000026716    2019031920190321826900000005998105320190314000967010569200100000000059980000142000002891829    4                       1         
G0793003000026716    2019031920190321826000000004359105320190314000711010551400100000000043590000142000002901829    4                       1         
G0793003000026716    2019031920190321826000000004550105320190214000039010383700100000000045500000142000002911829    4                       1         
G0793003000026716    2019031920190321826500000019490105320190314000877010564300100000000194900000142000002921829    4                       1         
G0793003000026716    2019031920190321826500000005050105320190214001342010471700100000000050500000142000002931829    4                       1         
G0793003000026716    2019031920190321826500000004998105320190314000151010513200100000000049980000142000002941829    4                       1         
G0793003000026716    2019031920190321826800000006650105320190214000151010392100100000000066500000142000002951829    4                       1         
G0793003000026716    2019031920190321826800000006300105320190214000489010414600100000000063000000142000002961829    4                       1         
G0793003000026716    2019031920190321826800000004450105320190214001261010466700100000000044500000142000002971829    4                       1         
G0793003000026716    2019031920190321826800000004350105320190214000689010429400100000000043500000142000002981829    4                       1         
G0793003000026716    2019031920190321826900000020600105320190214000106010388700100000000206000000142000002991829    4                       1         
G0793003000026716    2019031920190321826900000011800105320190214001613010489200100000000118000000142000003001829    4                       1         
G0793003000026716    2019031920190321826900000006700105320190214000825086440900100000000067000000142000003011829    4                       1         
G0793003000026716    2019031920190321826900000006150105320190214000538010418000100000000061500000142000003021829    4                       1         
G0793003000026716    2019031920190321826900000006100105320190214001314010470200100000000061000000142000003031829    4                       1         
G0793003000026716    2019031920190321826000000004200105320190214001732010496500100000000042000000142000003041829    4                       1         
G0793003000026716    2019031920190321826000000004200105320190214001732010496500100000000042000000142000003051829    4                       1         
G0793003000026716    2019031920190321826500000003600105320170605060293000616300100000000036000000142000003063738    4                       1         
G0793003000026716    2019031920190321826800000001193105320190304060678002713700100000000011930000142000003073738    4                       1         
G0793003000026716    2019031920190321826700000009729105320190304060823002727000100000000097290000142000003083738    4                       1         
G0793003000026716    2019031920190321826700000003982105320190304060434002692800100000000039820000142000003093738    4                       1         
G0793003000026716    2019031920190321826700000003600105320170705060293000714200100000000036000000142000003103738    4                       1         
G0793003000026716    2019031920190321826200000003750105320190321061222002761500100000000037500000142000003113738    4                       1         
G0793003000026716    2019031920190321826100000004277105320190404000649002678900100000000042770000142000003121116    4                       1         
G0793003000026716    2019031920190321826100000004190105320190404000346002662800100000000041900000142000003131116    4                       1         
G0793003000026716    2019031920190321826200000004750105320190321061236002762100100000000047500000142000003143738    4                       1         
G0793003000026716    2019031920190321826200000004376105320190304060345002685500100000000043760000142000003153738    4                       1         
G0793003000026716    2019031920190321826500000003960105320190304060461002695400100000000039600000142000003163738    4                       1         
G0793003000026716    2019031920190321826400000004190105320190404000201002655800100000000041900000142000003171116    4                       1         
G0793003000026716    2019031920190321826400000004190105320190404000035002647000100000000041900000142000003181116    4                       1         
G0793003000026716    2019031920190321826300000004297105320190404000468002668600100000000042970000142000003191116    4                       1         
G0793003000026716    2019031920190321826300000004234105320190304000234002612000100000000042340000142000003201116    4                       1         
G0793003000026716    2019031920190321826200000008131105320190304000191002609100100000000081310000142000003211116    4                       1         
G0793003000026716    2019031920190321826200000004373105320190304000202002609700100000000043730000142000003221116    4                       1         
G0793003000026716    2019031920190321826500000003600105320170510060293000512700100000000036000000142000003233738    4                       1         
G0793003000026716    2019031920190321826500000001204105320190304060188002672800100000000012040000142000003243738    4                       1         
G0793003000026716    2019031920190321826500000004343105320190304000565002628800100000000043430000142000003251116    4                       1         
G0793003000026716    2019031920190321826500000004270105320190304000467002622900100000000042700000142000003261116    4                       1         
G0793003000026716    2019031920190321826900000001396105320190221000665014323800100000000013960000142000003273089    4                       1         
G0793003000026716    2019031920190321826800000009425105320190221000310014292100100000000094250000142000003283089    4                       1         
G0793003000026716    2019031920190321826800000004433105320190221000691014326100100000000044330000142000003293089    4                       1         
G0793003000026716    2019031920190321826800000004265105320190321000760014415100100000000042650000142000003303089    4                       1         
G0793003000026716    2019031920190321826800000004260105320190321000089014356100100000000042600000142000003313089    4                       1         
G0793003000026716    2019031920190321826000000004260105320190321000574014399500100000000042600000142000003323089    4                       1         
G0793003000026716    2019031920190321826900000006613105320190221000389014299400100000000066130000142000003333089    4                       1         
G0793003000026716    2019031920190321826900000005743105320190221000179014280400100000000057430000142000003343089    4                       1         
G0793003000026716    2019031920190321826900000005432105320190321000473014390600100000000054320000142000003353089    4                       1         
G0793003000026716    2019031920190321826700000001322105320190325070142020317200100000000013220000142000003361829    4                       1         
G0793003000026716    2019031920190321826700000004281105320190325070300020327600100000000042810000142000003371829    4                       1         
G0793003000026716    2019031920190321826500000004726105320190225070409020308100100000000047260000142000003381829    4                       1         
G0793003000026716    2019031920190321826500000004110105320190325070362020331500100000000041100000142000003391829    4                       1         
G0793003000026716    2019031920190321826900000004679105320190325070048020311300100000000046790000142000003401829    4                       1         
G0793003000026716    2019031920190321826800000004320105320190315000035022146500100000000043200000142000003413738    4                       1         
G0793003000026716    2019031920190321826000000004260105320190215000753022137600100000000042600000142000003423738    4                       1         
G0793003000026716    2019031920190321826700000004260105320190215000272022096800100000000042600000142000003433738    4                       1         
G0793003000026716    2019031920190321826200000004441105320190315000475022185000100000000044410000142000003443738    4                       1         
G0793003000026716    2019031920190321826100000004230105320190315000430022181200100000000042300000142000003453738    4                       1         
G0793003000026716    2019031920190321826200000004200105320190115000272022024600100000000042000000142000003463738    4                       1         
G0793003000026716    2019031920190321826700000004230105320190315000595022195600100000000042300000142000003473738    4                       1         
G0793003000026716    2019031920190321826300000004329105320190315000647022199600100000000043290000142000003483738    4                       1         
G0793003000026716    2019031920190321826000000010850105320190315000505022187700100000000108500000142000003493738    4                       1         
G0793003000026716    2019031920190321826300000008004105320190315000485022185800100000000080040000142000003503738    4                       1         
G0793003000026716    2019031920190321826000000004811105320190315000560022192500100000000048110000142000003513738    4                       1         
G0793003000026716    2019031920190321826600000004342105320190315000753022207600100000000043420000142000003523738    4                       1         
G0793003000026716    2019031920190321826800000012632105320190315000046022147600100000000126320000142000003533738    4                       1         
Z00035500000000001892920                                                                                                                              
