A2201053              HIDROFORTETOCANTINS 104CAIXA ECON. FEDERAL 2019032100157503                                                                     
G0793003000026716    2019032020190321826500000004439105320190221000562014314900100000000044390000142000000013458    2                       1         
G0793003000026716    2019032020190321826400000003284105320190306005586006904900100000000032840000142000000022223    3                       1         
G0793003000026716    2019032020190322826300000001240105320190304060284002680400100000000012400000142000000033738    4                       1         
G0793003000026716    2019032020190322826300000004256105300100000071790081907900000000000042560000142000000043939    4                       1         
G0793003000026716    2019032020190322826100000004294105300100000071476081879000000000000042940000142000000053939    4                       1         
G0793003000026716    2019032020190322826600000006986105300100000071459081877300000000000069860000142000000063939    4                       1         
G0793003000026716    2019032020190322826100000004259105300100000071220081854500000000000042590000142000000073939    4                       1         
G0793003000026716    2019032020190322826100000004100105300100000070790080536100000000000041000000142000000083939    4                       1         
G0793003000026716    2019032020190322826100000004100105300100000070090081759800000000000041000000142000000093939    4                       1         
G0793003000026716    2019032020190322826200000022583105300100000071690081898400000000000225830000142000000103939    4                       1         
G0793003000026716    2019032020190322826200000005968105300100000071298081862300000000000059680000142000000113939    4                       1         
G0793003000026716    2019032020190322826200000004235105300100000071178081850700000000000042350000142000000123939    4                       1         
G0793003000026716    2019032020190322826600000009050105300100000070790080065700000000000090500000142000000133939    4                       1         
G0793003000026716    2019032020190322826300000005341105300100000071177081850600000000000053410000142000000143939    4                       1         
G0793003000026716    2019032020190322826500000006382105300100000071900081918600000000000063820000142000000153939    4                       1         
G0793003000026716    2019032020190322826500000005572105300100000071391081871300000000000055720000142000000163939    4                       1         
G0793003000026716    2019032020190322826500000004250105300100000071087081668200000000000042500000142000000173939    4                       1         
G0793003000026716    2019032020190322826500000004163105300100000070822081817100000000000041630000142000000183939    4                       1         
G0793003000026716    2019032020190322826400000013100105300100000070790080244600000000000131000000142000000193939    4                       1         
G0793003000026716    2019032020190322826600000004175105300100000071252081857700000000000041750000142000000203939    4                       1         
G0793003000026716    2019032020190322826600000001899105300100000070322081769500000000000018990000142000000213939    4                       1         
G0793003000026716    2019032020190322826600000001357105300100000070361081773100000000000013570000142000000223939    4                       1         
G0793003000026716    2019032020190322826800000004216105300100000070967081830200000000000042160000142000000233939    4                       1         
G0793003000026716    2019032020190322826800000004154105300100000071672081896600000000000041540000142000000243939    4                       1         
G0793003000026716    2019032020190322826300000007050105300100000060969002636100000000000070500000142000000253738    4                       1         
G0793003000026716    2019032020190322826800000002569105300100000071087081842000000000000025690000142000000263939    4                       1         
G0793003000026716    2019032020190322826800000001369105300100000071107081843900000000000013690000142000000273939    4                       1         
G0793003000026716    2019032020190322826800000001298105300100000070451081781600000000000012980000142000000283939    4                       1         
G0793003000026716    2019032020190322826900000004195105300100000070774081812600000000000041950000142000000293939    4                       1         
G0793003000026716    2019032020190322826000000001430105300100000070713081806700000000000014300000142000000303939    4                       1         
G0793003000026716    2019032020190322826900000001322105300100000071716081900800000000000013220000142000000313939    4                       1         
G0793003000026716    2019032020190322826100000004409105320190301002155000851900100000000044090000142000000321141    4                       1         
G0793003000026716    2019032020190322826500000003800105320190304060242002677000100000000038000000142000000333738    4                       1         
G0793003000026716    2019032020190322826600000020482105320190306000930006859000100000000204820000142000000343863    4                       1         
G0793003000026716    2019032020190322826800000006210105320190304060702002716000100000000062100000142000000353738    4                       1         
G0793003000026716    2019032020190322826000000001768105320190304060519002700300100000000017680000142000000363738    4                       1         
G0793003000026716    2019032020190322826900000004150105320180604070539035123900100000000041500000142000000371829    4                       1         
G0793003000026716    2019032020190322826300000004864105320190306001541006864800100000000048640000142000000383863    4                       1         
G0793003000026716    2019032020190322826000000004090105320190404070737035912800100000000040900000142000000391829    4                       1         
G0793003000026716    2019032020190322826000000005252105320190404070297035881800100000000052520000142000000401829    4                       1         
G0793003000026716    2019032020190322826700000004104105320190404070387035887400100000000041040000142000000411829    4                       1         
G0793003000026716    2019032020190322826300000004090105320190404070416035889500100000000040900000142000000421829    4                       1         
G0793003000026716    2019032020190322826100000005867105320190404070383035887100100000000058670000142000000431829    4                       1         
G0793003000026716    2019032020190322826100000005436105320190304060701002715900100000000054360000142000000443738    4                       1         
G0793003000026716    2019032020190322826300000004780105320190306001160006861500100000000047800000142000000453863    4                       1         
G0793003000026716    2019032020190322826800000004116105320190404070212035874900100000000041160000142000000461829    4                       1         
G0793003000026716    2019032020190322826400000004760105320190304070356035807500100000000047600000142000000471829    4                       1         
G0793003000026716    2019032020190322826400000003956105320190304060692002715100100000000039560000142000000483738    4                       1         
G0793003000026716    2019032020190322826600000003944105320190304060604002707100100000000039440000142000000493738    4                       1         
G0793003000026716    2019032020190322826100000001332105320190304070011035784600100000000013320000142000000501829    4                       1         
G0793003000026716    2019032020190322826600000003923105320190304060193002673200100000000039230000142000000513738    4                       1         
G0793003000026716    2019032020190322826600000003896105320190304060971002739800100000000038960000142000000523738    4                       1         
G0793003000026716    2019032020190322826700000004317105320190304070780035838700100000000043170000142000000531829    4                       1         
G0793003000026716    2019032020190322826100000004124105320190404070360035885600100000000041240000142000000541829    4                       1         
G0793003000026716    2019032020190322826800000007269105320190304061043002746400100000000072690000142000000553738    4                       1         
G0793003000026716    2019032020190322826000000004090105320190404070417035889600100000000040900000142000000561829    4                       1         
G0793003000026716    2019032020190322826800000003871105320190304061052002747200100000000038710000142000000573738    4                       1         
G0793003000026716    2019032020190322826800000003854105320190304060229002676000100000000038540000142000000583738    4                       1         
G0793003000026716    2019032020190322826000000003750105320190304061121002752800100000000037500000142000000593738    4                       1         
G0793003000026716    2019032020190322826500000007634105320190304070429035813100100000000076340000142000000601829    4                       1         
G0793003000026716    2019032020190322826500000006509105320190304070485035817600100000000065090000142000000611829    4                       1         
G0793003000026716    2019032020190322826400000004668105320190404070928035925900100000000046680000142000000621829    4                       1         
G0793003000026716    2019032020190322826200000004106105320190304070212035796600100000000041060000142000000631829    4                       1         
G0793003000026716    2019032020190322826800000005246105320190404070223035875700100000000052460000142000000641829    4                       1         
G0793003000026716    2019032020190322826200000007891105320190404070429035890400100000000078910000142000000651829    4                       1         
G0793003000026716    2019032020190322826900000001250105320181101070075035482700100000000012500000142000000661829    4                       1         
G0793003000026716    2019032020190322826900000004154105320190304070894035846100100000000041540000142000000671829    4                       1         
G0793003000026716    2019032020190322826900000004090105320190404070388035887500100000000040900000142000000681829    4                       1         
G0793003000026716    2019032020190322826900000004080105320190404070178035872200100000000040800000142000000691829    4                       1         
G0793003000026716    2019032020190322826900000003200105320190306005885006914500100000000032000000142000000703863    4                       1         
G0793003000026716    2019032020190322826800000008438105320190304070923035848700100000000084380000142000000711829    4                       1         
G0793003000026716    2019032020190322826800000001338105320190304070688035832200100000000013380000142000000721829    4                       1         
G0793003000026716    2019032020190322826000000011135105320190301002104000848200100000000111350000142000000731141    4                       1         
G0793003000026716    2019032020190322826000000005652105320190301001148000783300100000000056520000142000000741141    4                       1         
G0793003000026716    2019032020190322826000000004300105320190301002121000849300100000000043000000142000000751141    4                       1         
G0793003000026716    2019032020190322826200000005606105320190301001670000817800100000000056060000142000000761141    4                       1         
G0793003000026716    2019032020190322826300000003321105320190306004170006888000100000000033210000142000000773863    4                       1         
G0793003000026716    2019032020190322826100000013553105320190215000437018096000100000000135530000142000000781141    4                       1         
G0793003000026716    2019032020190322826000000004450105320190214001204010462800100000000044500000142000000791829    4                       1         
G0793003000026716    2019032020190322826200000009164105320190314000991010570400100000000091640000142000000801829    4                       1         
G0793003000026716    2019032020190322826200000006745105320190314001590010607100100000000067450000142000000811829    4                       1         
G0793003000026716    2019032020190322826200000004390105320190314001404010595700100000000043900000142000000821829    4                       1         
G0793003000026716    2019032020190322826200000004390105320190314001397010595200100000000043900000142000000831829    4                       1         
G0793003000026716    2019032020190322826200000004350105320190214000045010384300100000000043500000142000000841829    4                       1         
G0793003000026716    2019032020190322826200000004303105320190314001701010613900100000000043030000142000000851829    4                       1         
G0793003000026716    2019032020190322826100000016550105320190214001601010488400100000000165500000142000000861829    4                       1         
G0793003000026716    2019032020190322826100000016369105320190314001313010589700100000000163690000142000000871829    4                       1         
G0793003000026716    2019032020190322826100000007300105320190214000256010399400100000000073000000142000000881829    4                       1         
G0793003000026716    2019032020190322826100000006142105320190314000045010505400100000000061420000142000000891829    4                       1         
G0793003000026716    2019032020190322826100000006524105320190301001431000802100100000000065240000142000000901141    4                       1         
G0793003000026716    2019032020190322826100000005700105320190201000332000554600100000000057000000142000000911141    4                       1         
G0793003000026716    2019032020190322826300000004381105320190301000986000772200100000000043810000142000000921141    4                       1         
G0793003000026716    2019032020190322826600000006615105320190301000294000718400100000000066150000142000000931141    4                       1         
G0793003000026716    2019032020190322826500000008520105320190301002019000842400100000000085200000142000000941141    4                       1         
G0793003000026716    2019032020190322826500000006316105320190301002176000853700100000000063160000142000000951141    4                       1         
G0793003000026716    2019032020190322826500000004386105320190301000528000737300100000000043860000142000000961141    4                       1         
G0793003000026716    2019032020190322826500000004364105320190301001947000837100100000000043640000142000000971141    4                       1         
G0793003000026716    2019032020190322826400000004365105320190301001494000806300100000000043650000142000000981141    4                       1         
G0793003000026716    2019032020190322826500000018650105320190319000655000746900100000000186500000142000000991141    4                       1         
G0793003000026716    2019032020190322826800000007084105320190301000332000721700100000000070840000142000001001141    4                       1         
G0793003000026716    2019032020190322826800000006131105320190301000384000725600100000000061310000142000001011141    4                       1         
G0793003000026716    2019032020190322826800000004290105320190301000038000700200100000000042900000142000001021141    4                       1         
G0793003000026716    2019032020190322826700000004492105320190301001329000795600100000000044920000142000001031141    4                       1         
G0793003000026716    2019032020190322826700000004377105320190301001510000807400100000000043770000142000001041141    4                       1         
G0793003000026716    2019032020190322826900000004286105320190301001844000830200100000000042860000142000001051141    4                       1         
G0793003000026716    2019032020190322826900000007250105320190214000189010394800100000000072500000142000001061829    4                       1         
G0793003000026716    2019032020190322826100000004300105320190214001095010456400100000000043000000142000001071829    4                       1         
G0793003000026716    2019032020190322826000000005457105320190314000735010553300100000000054570000142000001081829    4                       1         
G0793003000026716    2019032020190322826300000006200105320190214000556010419100100000000062000000142000001091829    4                       1         
G0793003000026716    2019032020190322826300000006000105320190214000748010434200100000000060000000142000001101829    4                       1         
G0793003000026716    2019032020190322826300000004440105320190314001204010582500100000000044400000142000001111829    4                       1         
G0793003000026716    2019032020190322826300000004300105320190214000655010426800100000000043000000142000001121829    4                       1         
G0793003000026716    2019032020190322826300000004290105320190314000836010561700100000000042900000142000001131829    4                       1         
G0793003000026716    2019032020190322826600000007393105320190314000267010521400100000000073930000142000001141829    4                       1         
G0793003000026716    2019032020190322826600000007150105320190214000834010441600100000000071500000142000001151829    4                       1         
G0793003000026716    2019032020190322826300000004343105320190315000244022165100100000000043430000142000001163738    4                       1         
G0793003000026716    2019032020190322826500000004948105320190314001406010595800100000000049480000142000001171829    4                       1         
G0793003000026716    2019032020190322826900000001290105320190404000205002656100100000000012900000142000001181116    4                       1         
G0793003000026716    2019032020190322826900000004230105320190306000558045047400100000000042300000142000001191829    4                       1         
G0793003000026716    2019032020190322826500000004800105320190214001440010478700100000000048000000142000001201829    4                       1         
G0793003000026716    2019032020190322826500000004290105320190314000587010542400100000000042900000142000001211829    4                       1         
G0793003000026716    2019032020190322826400000008660105320190314000306010524200100000000086600000142000001221829    4                       1         
G0793003000026716    2019032020190322826200000004230105320190306000611045051600100000000042300000142000001231829    4                       1         
G0793003000026716    2019032020190322826400000007900105320190214001393010475400100000000079000000142000001241829    4                       1         
G0793003000026716    2019032020190322826400000004876105320190314000353010527100100000000048760000142000001251829    4                       1         
G0793003000026716    2019032020190322826600000004900105320190214001126010457900100000000049000000142000001261829    4                       1         
G0793003000026716    2019032020190322826600000004296105320190314000126010511300100000000042960000142000001271829    4                       1         
G0793003000026716    2019032020190322826600000004290105320190314000342010526600100000000042900000142000001281829    4                       1         
G0793003000026716    2019032020190322826400000004450105320190214001397010475700100000000044500000142000001291829    4                       1         
G0793003000026716    2019032020190322826400000004300105320190214001580010487000100000000043000000142000001301829    4                       1         
G0793003000026716    2019032020190322826400000004300105320190214000511010416100100000000043000000142000001311829    4                       1         
G0793003000026716    2019032020190322826500000015050105320190214001590010487700100000000150500000142000001321829    4                       1         
G0793003000026716    2019032020190322826900000013000105320190214001313010470100100000000130000000142000001331829    4                       1         
G0793003000026716    2019032020190322826800000005700105320190214000402010409100100000000057000000142000001341829    4                       1         
G0793003000026716    2019032020190322826800000004390105320190314001578010606300100000000043900000142000001351829    4                       1         
G0793003000026716    2019032020190322826700000013900105320190214000559010419200100000000139000000142000001361829    4                       1         
G0793003000026716    2019032020190322826700000008800105320190214001114010457200100000000088000000142000001371829    4                       1         
G0793003000026716    2019032020190322826700000005603105320190314001601010607800100000000056030000142000001381829    4                       1         
G0793003000026716    2019032020190322826700000004450105320190214001404010476100100000000044500000142000001391829    4                       1         
G0793003000026716    2019032020190322826700000004350105320190214001485010481400100000000043500000142000001401829    4                       1         
G0793003000026716    2019032020190322826900000003870105320190304061153002755500100000000038700000142000001413738    4                       1         
G0793003000026716    2019032020190322826200000001196105320190304060213002674800100000000011960000142000001423738    4                       1         
G0793003000026716    2019032020190322826100000007758105320190304061152002755400100000000077580000142000001433738    4                       1         
G0793003000026716    2019032020190322826200000004811105320190306000559045047500100000000048110000142000001441829    4                       1         
G0793003000026716    2019032020190322826100000004230105320190306000589028037800100000000042300000142000001454481    4                       1         
G0793003000026716    2019032020190322826700000004230105320190306000127028006800100000000042300000142000001464481    4                       1         
G0793003000026716    2019032020190322826200000010850105320190306000844028059300100000000108500000142000001474481    4                       1         
G0793003000026716    2019032020190322826200000010850105320190306000594028038200100000000108500000142000001484481    4                       1         
G0793003000026716    2019032020190322826200000004230105320190306000526028032800100000000042300000142000001494481    4                       1         
G0793003000026716    2019032020190322826200000004230105320190306000413028024600100000000042300000142000001504481    4                       1         
G0793003000026716    2019032020190322826300000004230105320190306001021028072700100000000042300000142000001514481    4                       1         
G0793003000026716    2019032020190322826300000004230105320190306000968028068400100000000042300000142000001524481    4                       1         
G0793003000026716    2019032020190322826500000005392105320190306000908028064200100000000053920000142000001534481    4                       1         
G0793003000026716    2019032020190322826500000005392105320190306000498028030500100000000053920000142000001544481    4                       1         
G0793003000026716    2019032020190322826400000004230105320190306000428045035700100000000042300000142000001551829    4                       1         
G0793003000026716    2019032020190322826800000004998105320190221000348014295600100000000049980000142000001563089    4                       1         
G0793003000026716    2019032020190322826100000005434105320190321000394014383200100000000054340000142000001573089    4                       1         
G0793003000026716    2019032020190322826100000004462105320190321000488014391900100000000044620000142000001583089    4                       1         
G0793003000026716    2019032020190322826000000001318105320190404000527002672000100000000013180000142000001591116    4                       1         
G0793003000026716    2019032020190322826100000004190105320190404000812002689500100000000041900000142000001601116    4                       1         
G0793003000026716    2019032020190322826000000008380105320190404000219002657000100000000083800000142000001611116    4                       1         
G0793003000026716    2019032020190322826000000007800105320190404000228002657600100000000078000000142000001621116    4                       1         
G0793003000026716    2019032020190322826000000005970105320190304000689002636000100000000059700000142000001631116    4                       1         
G0793003000026716    2019032020190322826000000004436105320190304000437002621600100000000044360000142000001641116    4                       1         
G0793003000026716    2019032020190322826000000004190105320190404000484002669600100000000041900000142000001651116    4                       1         
G0793003000026716    2019032020190322826700000004190105320190404000538002672800100000000041900000142000001661116    4                       1         
G0793003000026716    2019032020190322826100000004260105320190321000066014353900100000000042600000142000001673089    4                       1         
G0793003000026716    2019032020190322826200000004373105320190404000240002658400100000000043730000142000001681116    4                       1         
G0793003000026716    2019032020190322826200000004190105320190404000689002681400100000000041900000142000001691116    4                       1         
G0793003000026716    2019032020190322826200000004190105320190404000402002665200100000000041900000142000001701116    4                       1         
G0793003000026716    2019032020190322826200000004190105320190404000369002663800100000000041900000142000001711116    4                       1         
G0793003000026716    2019032020190322826400000004190105320190404000284002660000100000000041900000142000001721116    4                       1         
G0793003000026716    2019032020190322826400000004190105320190404000276002659600100000000041900000142000001731116    4                       1         
G0793003000026716    2019032020190322826400000004190105320190404000179002654300100000000041900000142000001741116    4                       1         
G0793003000026716    2019032020190322826400000004190105320190404000130002651800100000000041900000142000001751116    4                       1         
G0793003000026716    2019032020190322826400000004190105320190404000069002648400100000000041900000142000001761116    4                       1         
G0793003000026716    2019032020190322826300000007302105320190304000354002617900100000000073020000142000001771116    4                       1         
G0793003000026716    2019032020190322826300000006490105320190404000342002662500100000000064900000142000001781116    4                       1         
G0793003000026716    2019032020190322826300000004398105320190304000549002627700100000000043980000142000001791116    4                       1         
G0793003000026716    2019032020190322826300000004354105320190304000738002638700100000000043540000142000001801116    4                       1         
G0793003000026716    2019032020190322826300000004190105320190404000217002656900100000000041900000142000001811116    4                       1         
G0793003000026716    2019032020190322826300000001478105320190404000715002682600100000000014780000142000001821116    4                       1         
G0793003000026716    2019032020190322826600000006672105320190304000761002640400100000000066720000142000001831116    4                       1         
G0793003000026716    2019032020190322826500000004190105320190404000087002649200100000000041900000142000001841116    4                       1         
G0793003000026716    2019032020190322826400000004463105320190404000413002665900100000000044630000142000001851116    4                       1         
G0793003000026716    2019032020190322826400000004254105320190304000377002618700100000000042540000142000001861116    4                       1         
G0793003000026716    2019032020190322826700000004400105320190304000109002604300100000000044000000142000001871116    4                       1         
G0793003000026716    2019032020190322826900000004765105320190404000042002647500100000000047650000142000001881116    4                       1         
G0793003000026716    2019032020190322826700000004321105320190404000319002661800100000000043210000142000001891116    4                       1         
G0793003000026716    2019032020190322826900000004234105320190304000629002632600100000000042340000142000001901116    4                       1         
G0793003000026716    2019032020190322826900000004190105320190404000157002653400100000000041900000142000001911116    4                       1         
G0793003000026716    2019032020190322826100000001409105320190221000675014324800100000000014090000142000001923089    4                       1         
G0793003000026716    2019032020190322826000000004347105320190321000364014380600100000000043470000142000001933089    4                       1         
G0793003000026716    2019032020190322826300000006784105320190221000303014291400100000000067840000142000001943089    4                       1         
G0793003000026716    2019032020190322826800000004883105320190306003060006878000100000000048830000142000001953863    4                       1         
G0793003000026716    2019032020190322826000000004260105320190321000185014364600100000000042600000142000001963089    4                       1         
G0793003000026716    2019032020190322826700000004260105320190321000183014364400100000000042600000142000001973089    4                       1         
G0793003000026716    2019032020190322826200000004462105320190321000560014398100100000000044620000142000001983089    4                       1         
G0793003000026716    2019032020190322826800000004827105320190306005564006903200100000000048270000142000001993863    4                       1         
G0793003000026716    2019032020190322826200000001320105320190321000682014409000100000000013200000142000002003089    4                       1         
G0793003000026716    2019032020190322826100000005538105320190321000735014413500100000000055380000142000002013089    4                       1         
G0793003000026716    2019032020190322826700000004773105320190306002540006873500100000000047730000142000002023863    4                       1         
G0793003000026716    2019032020190322826700000004700105320190306005775006912500100000000047000000142000002033863    4                       1         
G0793003000026716    2019032020190322826900000004443105320190315000315018145100100000000044430000142000002041141    4                       1         
G0793003000026716    2019032020190322826600000007158105320190215000134018072000100000000071580000142000002051141    4                       1         
G0793003000026716    2019032020190322826000000005392105320190315000706018175900100000000053920000142000002061141    4                       1         
G0793003000026716    2019032020190322826100000004431105320190315000434018153900100000000044310000142000002071141    4                       1         
G0793003000026716    2019032020190322826100000004320105320190315000713018176400100000000043200000142000002081141    4                       1         
G0793003000026716    2019032020190322826100000004260105320190215000450018097200100000000042600000142000002091141    4                       1         
G0793003000026716    2019032020190322826100000004260105320190215000217018079000100000000042600000142000002101141    4                       1         
G0793003000026716    2019032020190322826200000004230105320190315000259018140900100000000042300000142000002111141    4                       1         
G0793003000026716    2019032020190322826000000004260105320190215000345018088700100000000042600000142000002121141    4                       1         
G0793003000026716    2019032020190322826700000004260105320190215000160018073800100000000042600000142000002131141    4                       1         
G0793003000026716    2019032020190322826700000004244105320190215000354018089300100000000042440000142000002141141    4                       1         
G0793003000026716    2019032020190322826200000011155105320190315000319018145400100000000111550000142000002151141    4                       1         
G0793003000026716    2019032020190322826400000001548105320190221000959014347300100000000015480000142000002163089    4                       1         
G0793003000026716    2019032020190322826400000001310105320190321000950014429500100000000013100000142000002173089    4                       1         
G0793003000026716    2019032020190322826300000008965105320190221000544014313400100000000089650000142000002183089    4                       1         
G0793003000026716    2019032020190322826300000004449105320190221000916014343800100000000044490000142000002193089    4                       1         
G0793003000026716    2019032020190322826300000004273105320190321000217014367200100000000042730000142000002203089    4                       1         
G0793003000026716    2019032020190322826300000004260105320190321000184014364500100000000042600000142000002213089    4                       1         
G0793003000026716    2019032020190322826300000004230105320190321000278014372700100000000042300000142000002223089    4                       1         
G0793003000026716    2019032020190322826600000007022105320190221000356014296300100000000070220000142000002233089    4                       1         
G0793003000026716    2019032020190322826200000004811105320190315000632018170800100000000048110000142000002241141    4                       1         
G0793003000026716    2019032020190322826100000006088105320190215000475018099400100000000060880000142000002251141    4                       1         
G0793003000026716    2019032020190322826100000011755105320190215000541018105100100000000117550000142000002261141    4                       1         
G0793003000026716    2019032020190322826600000017638105320190315000714018176500100000000176380000142000002271141    4                       1         
G0793003000026716    2019032020190322826300000007170105320190215000578018108400100000000071700000142000002281141    4                       1         
G0793003000026716    2019032020190322826600000004260105320190215000383018091800100000000042600000142000002291141    4                       1         
G0793003000026716    2019032020190322826500000004822105320190215000396018093100100000000048220000142000002301141    4                       1         
G0793003000026716    2019032020190322826600000006802105320190221000276014289000100000000068020000142000002313089    4                       1         
G0793003000026716    2019032020190322826400000004263105320190321000470014390400100000000042630000142000002323089    4                       1         
G0793003000026716    2019032020190322826500000007149105320190321000018014349500100000000071490000142000002333089    4                       1         
G0793003000026716    2019032020190322826400000004260105320190321000262014371300100000000042600000142000002343089    4                       1         
G0793003000026716    2019032020190322826400000004260105320190321000012014348900100000000042600000142000002353089    4                       1         
G0793003000026716    2019032020190322826800000006051105320190221000287014290000100000000060510000142000002363089    4                       1         
G0793003000026716    2019032020190322826800000005606105320190221000507014310100100000000056060000142000002373089    4                       1         
G0793003000026716    2019032020190322826000000001353105320190321000480014391300100000000013530000142000002383089    4                       1         
G0793003000026716    2019032020190322826200000004110105320190325070124020316100100000000041100000142000002391829    4                       1         
G0793003000026716    2019032020190322826700000004128105320190325070186020319900100000000041280000142000002401829    4                       1         
G0793003000026716    2019032020190322826700000003538105320190325070121020315800100000000035380000142000002411829    4                       1         
G0793003000026716    2019032020190322826400000004110105320190325070284020326200100000000041100000142000002421829    4                       1         
G0793003000026716    2019032020190322826100000006502105320190325070365020331600100000000065020000142000002431829    4                       1         
G0793003000026716    2019032020190322826900000004121105320190325070304020328000100000000041210000142000002441829    4                       1         
G0793003000026716    2019032020190322826800000001299105320190325070085020313700100000000012990000142000002451829    4                       1         
G0793003000026716    2019032020190322826100000004230105320190315000272022167600100000000042300000142000002463738    4                       1         
G0793003000026716    2019032020190322826700000004260105320190215000551022121400100000000042600000142000002473738    4                       1         
G0793003000026716    2019032020190322826500000007901105320190215000346018088800100000000079010000142000002481141    4                       1         
G0793003000026716    2019032020190322826500000014702105320190215000121018071200100000000147020000142000002491141    4                       1         
G0793003000026716    2019032020190322826500000004260105320190215000550018105900100000000042600000142000002501141    4                       1         
G0793003000026716    2019032020190322826500000004260105320190215000031018063400100000000042600000142000002511141    4                       1         
G0793003000026716    2019032020190322826500000004230105320190315000246018140100100000000042300000142000002521141    4                       1         
G0793003000026716    2019032020190322826500000004200105320190115000160018013300100000000042000000142000002531141    4                       1         
G0793003000026716    2019032020190322826100000003850105320181206000850095595600100000000038500000142000002544481    4                       1         
G0793003000026716    2019032020190322826100000003850105320181107000850000084500100000000038500000142000002554481    4                       1         
G0793003000026716    2019032020190322826600000004230105320190315000518018160800100000000042300000142000002561141    4                       1         
G0793003000026716    2019032020190322826800000004353105320190215000632018113300100000000043530000142000002571141    4                       1         
G0793003000026716    2019032020190322826800000017450105320190215000586018109100100000000174500000142000002581141    4                       1         
G0793003000026716    2019032020190322826900000011082105320190315000162018133500100000000110820000142000002591141    4                       1         
G0793003000026716    2019032020190322826900000004943105320190215000190018076500100000000049430000142000002601141    4                       1         
G0793003000026716    2019032020190322826800000006003105320190215000129018071700100000000060030000142000002611141    4                       1         
G0793003000026716    2019032020190322826900000004841105320190215000259018081700100000000048410000142000002621141    4                       1         
G0793003000026716    2019032020190322826800000000137105320190315000656018172700100000000001370000142000002631141    4                       1         
G0793003000026716    2019032020190322826900000004260105320190215000328018087400100000000042600000142000002641141    4                       1         
G0793003000026716    2019032020190322826600000004650105320190321061356002771100100000000046500000142000002653089    4                       1         
G0793003000026716    2019032020190322826100000004260105320190321000964014430900100000000042600000142000002663089    4                       1         
G0793003000026716    2019032020190322826900000004260105320190215000074018066900100000000042600000142000002671141    4                       1         
G0793003000026716    2019032020190322826500000004230105320190306000522028032400100000000042300000142000002684481    4                       1         
G0793003000026716    2019032020190322826300000005114105320190221000964014347700100000000051140000142000002693089    4                       1         
G0793003000026716    2019032020190322826600000004268105320190321000766014415700100000000042680000142000002703089    4                       1         
G0793003000026716    2019032020190322826900000004875105320190304060874002731600100000000048750000142000002711829    4                       1         
G0793003000026716    2019032020190322826100000004230105320190325000748024136500100000000042300000142000002721737    4                       1         
G0793003000026716    2019032020190322826000000005392105320190325000373024105100100000000053920000142000002731737    4                       1         
G0793003000026716    2019032020190322826000000004344105320190325000125024083500100000000043440000142000002741737    4                       1         
G0793003000026716    2019032020190322826700000004230105320190325000090024080700100000000042300000142000002751737    4                       1         
G0793003000026716    2019032020190322826700000004230105320190325000057024077500100000000042300000142000002761737    4                       1         
G0793003000026716    2019032020190322826700000004230105320190225000177024017000100000000042300000142000002771737    4                       1         
G0793003000026716    2019032020190322826400000004230105320190225000113024010800100000000042300000142000002781737    4                       1         
G0793003000026716    2019032020190322826500000004230105320190325000266024095400100000000042300000142000002791737    4                       1         
G0793003000026716    2019032020190322826600000004230105320190325000329024101200100000000042300000142000002801737    4                       1         
G0793003000026716    2019032020190322826600000004230105320190225000655024063700100000000042300000142000002811737    4                       1         
G0793003000026716    2019032020190322826600000004230105320190225000174024016700100000000042300000142000002821737    4                       1         
G0793003000026716    2019032020190322826800000007135105320190225000289024028000100000000071350000142000002831737    4                       1         
G0793003000026716    2019032020190322826800000004230105320190325000621024126400100000000042300000142000002841737    4                       1         
G0793003000026716    2019032020190322826800000004230105320190225000295024028600100000000042300000142000002851737    4                       1         
G0793003000026716    2019032020190322826000000004230105320190306001047028074300100000000042300000142000002864481    4                       1         
G0793003000026716    2019032020190322826100000004230105320190306000793028055300100000000042300000142000002874481    4                       1         
Z00028900000000001525711                                                                                                                              
