A2201053              HIDROFORTETOCANTINS 104CAIXA ECON. FEDERAL 2019032200157603                                                                     
G0793003000026716    2019032120190322826000000005353105320190306005574006903900100000000053530000142000000012928    3                       1         
G0793003000026716    2019032120190322826200000004252105320190321000537014396400100000000042520000142000000022256    3                       1         
G0793003000026716    2019032120190325826300000001307105300100000070447081781200000000000013070000142000000033939    4                       1         
G0793003000026716    2019032120190325826800000008391105300100000071106081843800000000000083910000142000000043939    4                       1         
G0793003000026716    2019032120190325826000000004100105300100000070172081236100000000000041000000142000000053939    4                       1         
G0793003000026716    2019032120190325826000000001950105300100000070404081777200000000000019500000142000000063939    4                       1         
G0793003000026716    2019032120190325826600000007000105300100000070172080718900000000000070000000142000000073939    4                       1         
G0793003000026716    2019032120190325826400000004810105300100000070554081791200000000000048100000142000000083939    4                       1         
G0793003000026716    2019032120190325826800000004155105300100000070830081817900000000000041550000142000000093939    4                       1         
G0793003000026716    2019032120190325826700000004130105300100000071429081874700000000000041300000142000000103939    4                       1         
G0793003000026716    2019032120190325826600000004122105300100000071105081843700000000000041220000142000000113939    4                       1         
G0793003000026716    2019032120190325826200000003677105300100000070409081777700000000000036770000142000000123939    4                       1         
G0793003000026716    2019032120190325826300000004100105300100000070172080892300000000000041000000142000000133939    4                       1         
G0793003000026716    2019032120190325826200000019349105300100000071544081884600000000000193490000142000000143939    4                       1         
G0793003000026716    2019032120190325826200000005335105300100000070571081792800000000000053350000142000000153939    4                       1         
G0793003000026716    2019032120190325826600000004154105300100000070699081805300000000000041540000142000000163939    4                       1         
G0793003000026716    2019032120190325826000000003850105320181107000965000096000100000000038500000142000000174481    4                       1         
G0793003000026716    2019032120190325826800000004050105320190404070065035937000100000000040500000142000000181829    4                       1         
G0793003000026716    2019032120190325826200000003850105320181206000633095574500100000000038500000142000000194481    4                       1         
G0793003000026716    2019032120190325826000000003850105320181206000965095607100100000000038500000142000000204481    4                       1         
G0793003000026716    2019032120190325826700000004230105320190306000433045036200100000000042300000142000000211829    4                       1         
G0793003000026716    2019032120190325826300000004050105320190304070065035859000100000000040500000142000000221829    4                       1         
G0793003000026716    2019032120190325826200000004281105320190404070846035920100100000000042810000142000000231829    4                       1         
G0793003000026716    2019032120190325826100000012226105320190404070431035890500100000000122260000142000000241829    4                       1         
G0793003000026716    2019032120190325826900000008621105320190325000644024128300100000000086210000142000000251737    4                       1         
G0793003000026716    2019032120190325826900000004811105320190325000497024115400100000000048110000142000000261737    4                       1         
G0793003000026716    2019032120190325826900000004230105320190325000047024076600100000000042300000142000000271737    4                       1         
G0793003000026716    2019032120190325826500000004230105320190325000496024115300100000000042300000142000000281737    4                       1         
G0793003000026716    2019032120190325826500000004230105320190325000466024112700100000000042300000142000000291737    4                       1         
G0793003000026716    2019032120190325826500000004230105320190325000033024075200100000000042300000142000000301737    4                       1         
G0793003000026716    2019032120190325826500000004230105320190325000027024074600100000000042300000142000000311737    4                       1         
G0793003000026716    2019032120190325826500000004230105320190225000516024050000100000000042300000142000000321737    4                       1         
G0793003000026716    2019032120190325826000000005726105320190301000451000731200100000000057260000142000000331141    4                       1         
G0793003000026716    2019032120190325826400000007878105320190225000487024047100100000000078780000142000000341737    4                       1         
G0793003000026716    2019032120190325826400000004230105320190225000122024011700100000000042300000142000000351737    4                       1         
G0793003000026716    2019032120190325826800000004230105320190325000247024094000100000000042300000142000000361737    4                       1         
G0793003000026716    2019032120190325826800000004230105320190225000231024022300100000000042300000142000000371737    4                       1         
G0793003000026716    2019032120190325826300000019433105320190325000562024121100100000000194330000142000000381737    4                       1         
G0793003000026716    2019032120190325826300000004230105320190225000553024053600100000000042300000142000000391737    4                       1         
G0793003000026716    2019032120190325826600000004230105320190325000452024111500100000000042300000142000000401737    4                       1         
G0793003000026716    2019032120190325826600000004230105320190325000394024106900100000000042300000142000000411737    4                       1         
G0793003000026716    2019032120190325826600000004230105320190225000238024023000100000000042300000142000000421737    4                       1         
G0793003000026716    2019032120190325826200000004230105320190225000742024071200100000000042300000142000000431737    4                       1         
G0793003000026716    2019032120190325826100000005489105320190325000195024089500100000000054890000142000000441737    4                       1         
G0793003000026716    2019032120190325826000000006703105320190325000258024094800100000000067030000142000000451737    4                       1         
G0793003000026716    2019032120190325826900000004897105320190301000086000703400100000000048970000142000000461141    4                       1         
G0793003000026716    2019032120190325826900000001500105320190301000958000770300100000000015000000142000000471141    4                       1         
G0793003000026716    2019032120190325826600000003292105320190306004500006890900100000000032920000142000000483863    4                       1         
G0793003000026716    2019032120190325826200000003200105320190205005045006825700100000000032000000142000000493863    4                       1         
G0793003000026716    2019032120190325826000000007055105320190306002560006873700100000000070550000142000000503863    4                       1         
G0793003000026716    2019032120190325826000000006250105320190205005110006826400100000000062500000142000000513863    4                       1         
G0793003000026716    2019032120190325826000000019444105320190215000375018091000100000000194440000142000000521141    4                       1         
G0793003000026716    2019032120190325826700000004258105320190215000434018095700100000000042580000142000000531141    4                       1         
G0793003000026716    2019032120190325826900000004230105320190315000333018146300100000000042300000142000000541141    4                       1         
G0793003000026716    2019032120190325826900000006578105320190315000565018164800100000000065780000142000000551141    4                       1         
G0793003000026716    2019032120190325826400000004230105320190315000086018128100100000000042300000142000000561141    4                       1         
G0793003000026716    2019032120190325826800000004324105320190315000063018126200100000000043240000142000000571141    4                       1         
G0793003000026716    2019032120190325826800000004320105320190315000501018159400100000000043200000142000000581141    4                       1         
G0793003000026716    2019032120190325826700000009539105320190215000583018108900100000000095390000142000000591141    4                       1         
G0793003000026716    2019032120190325826700000005516105320190315000437018154200100000000055160000142000000601141    4                       1         
G0793003000026716    2019032120190325826700000004230105320190315000471018157300100000000042300000142000000611141    4                       1         
G0793003000026716    2019032120190325826700000004230105320190315000107018130000100000000042300000142000000621141    4                       1         
G0793003000026716    2019032120190325826300000004230105320190315000190018135800100000000042300000142000000631141    4                       1         
G0793003000026716    2019032120190325826300000004322105320190315000447018155100100000000043220000142000000641141    4                       1         
G0793003000026716    2019032120190325826600000004811105320190315000344018147100100000000048110000142000000651141    4                       1         
G0793003000026716    2019032120190325826300000004230105320190315000551018163700100000000042300000142000000661141    4                       1         
G0793003000026716    2019032120190325826500000007135105320190315000583018166500100000000071350000142000000671141    4                       1         
G0793003000026716    2019032120190325826100000007150105320190306000348028020800100000000071500000142000000684481    4                       1         
G0793003000026716    2019032120190325826800000010850105320190306000465028027800100000000108500000142000000694481    4                       1         
G0793003000026716    2019032120190325826500000004230105320190306001073028076300100000000042300000142000000704481    4                       1         
G0793003000026716    2019032120190325826400000012153105320190306000452028026800100000000121530000142000000714481    4                       1         
G0793003000026716    2019032120190325826400000004230105320190306000711028047600100000000042300000142000000724481    4                       1         
G0793003000026716    2019032120190325826700000009364105320190306000204028011600100000000093640000142000000734481    4                       1         
G0793003000026716    2019032120190325826200000005973105320190306000941028066500100000000059730000142000000744481    4                       1         
G0793003000026716    2019032120190325826100000004811105320190306000376028021900100000000048110000142000000754481    4                       1         
G0793003000026716    2019032120190325826200000001290105320190404000200002655700100000000012900000142000000761116    4                       1         
G0793003000026716    2019032120190325826500000004364105320190304000016002599500100000000043640000142000000771116    4                       1         
G0793003000026716    2019032120190325826800000004270105320190304000247002612700100000000042700000142000000781116    4                       1         
G0793003000026716    2019032120190325826800000004190105320190404000763002685800100000000041900000142000000791116    4                       1         
G0793003000026716    2019032120190325826700000004270105320190304000345002617100100000000042700000142000000801116    4                       1         
G0793003000026716    2019032120190325826200000004406105320190304000413002620300100000000044060000142000000811116    4                       1         
G0793003000026716    2019032120190325826600000004190105320190404000244002658500100000000041900000142000000821116    4                       1         
G0793003000026716    2019032120190325826200000004190105320190404000568002674600100000000041900000142000000831116    4                       1         
G0793003000026716    2019032120190325826100000004392105320190404000348002663000100000000043920000142000000841116    4                       1         
G0793003000026716    2019032120190325826100000004270105320190304000505002625200100000000042700000142000000851116    4                       1         
G0793003000026716    2019032120190325826100000004190105320190404000414002666000100000000041900000142000000861116    4                       1         
G0793003000026716    2019032120190325826300000004811105320190306000508045042800100000000048110000142000000871829    4                       1         
G0793003000026716    2019032120190325826400000006554105320190306000027045002100100000000065540000142000000881829    4                       1         
G0793003000026716    2019032120190325826800000004230105320190306000458045038500100000000042300000142000000891829    4                       1         
G0793003000026716    2019032120190325826500000005640105320190301000107000705100100000000056400000142000000901141    4                       1         
G0793003000026716    2019032120190325826000000004260105320190321000700014410600100000000042600000142000000913089    4                       1         
G0793003000026716    2019032120190325826000000005403105320190321000190014365000100000000054030000142000000923089    4                       1         
G0793003000026716    2019032120190325826000000001320105320190321000516014394500100000000013200000142000000933089    4                       1         
G0793003000026716    2019032120190325826000000004983105320190221000669014324200100000000049830000142000000943089    4                       1         
G0793003000026716    2019032120190325826900000004395105320190225070083020286800100000000043950000142000000951829    4                       1         
G0793003000026716    2019032120190325826600000004188105320190325070061020312200100000000041880000142000000961829    4                       1         
G0793003000026716    2019032120190325826000000007228105320190315000446022182600100000000072280000142000000973738    4                       1         
G0793003000026716    2019032120190325826300000004230105320190315000818022211400100000000042300000142000000983738    4                       1         
G0793003000026716    2019032120190325826700000005487105320190315000776022209700100000000054870000142000000993738    4                       1         
G0793003000026716    2019032120190325826800000004344105320190315000322022172100100000000043440000142000001003738    4                       1         
G0793003000026716    2019032120190325826400000004230105320190315000540022190800100000000042300000142000001013738    4                       1         
G0793003000026716    2019032120190325826400000004230105320190315000492022186500100000000042300000142000001023738    4                       1         
G0793003000026716    2019032120190325826800000004230105320190315000556022192100100000000042300000142000001033738    4                       1         
G0793003000026716    2019032120190325826600000004319105320190315000141022155700100000000043190000142000001043738    4                       1         
G0793003000026716    2019032120190325826500000004390105320190301000296000718600100000000043900000142000001051141    4                       1         
G0793003000026716    2019032120190325826600000004230105320190306000688045057500100000000042300000142000001061829    4                       1         
G0793003000026716    2019032120190325826800000004421105320190221000249014286500100000000044210000142000001073089    4                       1         
G0793003000026716    2019032120190325826900000007143105320190221000148014277600100000000071430000142000001083089    4                       1         
G0793003000026716    2019032120190325826900000005450105320190321000958014430300100000000054500000142000001093089    4                       1         
G0793003000026716    2019032120190325826900000005422105320190321000701014410700100000000054220000142000001103089    4                       1         
G0793003000026716    2019032120190325826900000004580105320190221000240014285800100000000045800000142000001113089    4                       1         
G0793003000026716    2019032120190325826900000015235105320190221000789014334000100000000152350000142000001123089    4                       1         
G0793003000026716    2019032120190325826500000004260105320190321000332014377700100000000042600000142000001133089    4                       1         
G0793003000026716    2019032120190325826500000004260105320190321000234014368700100000000042600000142000001143089    4                       1         
G0793003000026716    2019032120190325826400000010137105320190321000244014369500100000000101370000142000001153089    4                       1         
G0793003000026716    2019032120190325826400000004834105320190321000366014380800100000000048340000142000001163089    4                       1         
G0793003000026716    2019032120190325826400000004429105320190221000865014339800100000000044290000142000001173089    4                       1         
G0793003000026716    2019032120190325826400000004339105320190321000020014349700100000000043390000142000001183089    4                       1         
G0793003000026716    2019032120190325826400000004260105320190321000702014410800100000000042600000142000001193089    4                       1         
G0793003000026716    2019032120190325826400000004247105320190321000693014409900100000000042470000142000001203089    4                       1         
G0793003000026716    2019032120190325826800000004260105320190321000628014404100100000000042600000142000001213089    4                       1         
G0793003000026716    2019032120190325826800000001313105320190321000895014425300100000000013130000142000001223089    4                       1         
G0793003000026716    2019032120190325826600000006895105320190221000626014320300100000000068950000142000001233089    4                       1         
G0793003000026716    2019032120190325826600000006575105320190321000555014397700100000000065750000142000001243089    4                       1         
G0793003000026716    2019032120190325826600000006321105320190321000195014365300100000000063210000142000001253089    4                       1         
G0793003000026716    2019032120190325826600000005427105320190321000312014375800100000000054270000142000001263089    4                       1         
G0793003000026716    2019032120190325826300000017380105320190321000428014386400100000000173800000142000001273089    4                       1         
G0793003000026716    2019032120190325826300000010850105320190321000764014415500100000000108500000142000001283089    4                       1         
G0793003000026716    2019032120190325826300000010373105320190221000672014324500100000000103730000142000001293089    4                       1         
G0793003000026716    2019032120190325826300000005495105320190221000064014269800100000000054950000142000001303089    4                       1         
G0793003000026716    2019032120190325826300000004344105320190321000867014423200100000000043440000142000001313089    4                       1         
G0793003000026716    2019032120190325826300000004241105320190321000618014403200100000000042410000142000001323089    4                       1         
G0793003000026716    2019032120190325826200000005450105320190321000752014414500100000000054500000142000001333089    4                       1         
G0793003000026716    2019032120190325826200000005047105320190221000813014336200100000000050470000142000001343089    4                       1         
G0793003000026716    2019032120190325826500000008230105320190221000706014327600100000000082300000142000001353089    4                       1         
G0793003000026716    2019032120190325826500000006554105320190321000596014401300100000000065540000142000001363089    4                       1         
G0793003000026716    2019032120190325826200000004260105320190321000684014409200100000000042600000142000001373089    4                       1         
G0793003000026716    2019032120190325826100000008216105320190221000868014340100100000000082160000142000001383089    4                       1         
G0793003000026716    2019032120190325826100000004463105320190221000604014318400100000000044630000142000001393089    4                       1         
G0793003000026716    2019032120190325826500000004381105320190301001725000821800100000000043810000142000001401141    4                       1         
G0793003000026716    2019032120190325826400000014648105320190301002028000843100100000000146480000142000001411141    4                       1         
G0793003000026716    2019032120190325826400000007131105320190301000354000723600100000000071310000142000001421141    4                       1         
G0793003000026716    2019032120190325826400000004403105320190301000034000699900100000000044030000142000001431141    4                       1         
G0793003000026716    2019032120190325826700000004302105320190301001558000810300100000000043020000142000001441141    4                       1         
G0793003000026716    2019032120190325826300000006777105320190301001990000840500100000000067770000142000001451141    4                       1         
G0793003000026716    2019032120190325826300000005610105320190301000993000772700100000000056100000142000001461141    4                       1         
G0793003000026716    2019032120190325826300000004290105320190301001963000838500100000000042900000142000001471141    4                       1         
G0793003000026716    2019032120190325826200000012692105320190301002090000847100100000000126920000142000001481141    4                       1         
G0793003000026716    2019032120190325826100000017869105320190301001382000799300100000000178690000142000001491141    4                       1         
G0793003000026716    2019032120190325826100000006740105320190301002007000841700100000000067400000142000001501141    4                       1         
G0793003000026716    2019032120190325826100000006215105320190301000356000723700100000000062150000142000001511141    4                       1         
G0793003000026716    2019032120190325826100000004468105320190301000894000765100100000000044680000142000001521141    4                       1         
G0793003000026716    2019032120190325826000000009830105320190301000132000706800100000000098300000142000001531141    4                       1         
G0793003000026716    2019032120190325826000000006208105320190301001719000821300100000000062080000142000001541141    4                       1         
G0793003000026716    2019032120190325826100000004556105320190314001305010589200100000000045560000142000001551829    4                       1         
G0793003000026716    2019032120190325826700000006650105320190214001386010474900100000000066500000142000001561829    4                       1         
G0793003000026716    2019032120190325826900000007177105320190314001225010584000100000000071770000142000001571829    4                       1         
G0793003000026716    2019032120190325826900000006750105320190214000776010436600100000000067500000142000001581829    4                       1         
G0793003000026716    2019032120190325826900000004440105320190314001386010594500100000000044400000142000001591829    4                       1         
G0793003000026716    2019032120190325826900000009664105320190314001324010590400100000000096640000142000001601829    4                       1         
G0793003000026716    2019032120190325826800000005735105320190314001548010604300100000000057350000142000001611829    4                       1         
G0793003000026716    2019032120190325826500000004381105320190314001676010612600100000000043810000142000001621829    4                       1         
G0793003000026716    2019032120190325826500000004350105320190214001412010476700100000000043500000142000001631829    4                       1         
G0793003000026716    2019032120190325826500000004261105320190314001448010598600100000000042610000142000001641829    4                       1         
G0793003000026716    2019032120190325826800000005418105320190314000696010550300100000000054180000142000001651829    4                       1         
G0793003000026716    2019032120190325826400000004200105320190114000776010313400100000000042000000142000001661829    4                       1         
G0793003000026716    2019032120190325826800000004200105320190214000776010621000100000000042000000142000001671829    4                       1         
G0793003000026716    2019032120190325826600000006700105320190214000800010438700100000000067000000142000001681829    4                       1         
G0793003000026716    2019032120190325826600000004381105320190314001069010574600100000000043810000142000001691829    4                       1         
G0793003000026716    2019032120190325826600000004300105320190214000080010386800100000000043000000142000001701829    4                       1         
G0793003000026716    2019032120190325826300000008419105320190304070119035791200100000000084190000142000001711829    4                       1         
G0793003000026716    2019032120190325826300000004385105320190314001369010593300100000000043850000142000001721829    4                       1         
G0793003000026716    2019032120190325826600000004290105320190314000941010567400100000000042900000142000001731829    4                       1         
G0793003000026716    2019032120190325826100000013883105320190314001753010617100100000000138830000142000001741829    4                       1         
G0793003000026716    2019032120190325826800000009194105320190304061169002756900100000000091940000142000001753738    4                       1         
G0793003000026716    2019032120190325826400000005850105320190304061344002769900100000000058500000142000001763738    4                       1         
G0793003000026716    2019032120190325826400000004400105320181105061055002328000100000000044000000142000001773738    4                       1         
G0793003000026716    2019032120190325826400000003811105320190304060637002710000100000000038110000142000001783738    4                       1         
G0793003000026716    2019032120190325826100000004415105320190321000477014391000100000000044150000142000001793089    4                       1         
G0793003000026716    2019032120190325826800000003982105320190304060230002676100100000000039820000142000001803738    4                       1         
G0793003000026716    2019032120190325826100000004260105320190321000343014378700100000000042600000142000001813089    4                       1         
G0793003000026716    2019032120190325826800000003837105320190304061024002744700100000000038370000142000001823738    4                       1         
G0793003000026716    2019032120190325826400000003750105320190104061055002563200100000000037500000142000001833738    4                       1         
G0793003000026716    2019032120190325826300000002213105320190304061216002761100100000000022130000142000001843738    4                       1         
G0793003000026716    2019032120190325826600000003955105320190304060641002710400100000000039550000142000001853738    4                       1         
G0793003000026716    2019032120190325826600000003905105320190304060322002683400100000000039050000142000001863738    4                       1         
G0793003000026716    2019032120190325826500000017832105320190304060977002740300100000000178320000142000001873738    4                       1         
G0793003000026716    2019032120190325826200000003850105320190104060881002521400100000000038500000142000001883738    4                       1         
G0793003000026716    2019032120190325826200000003850105320181205061055002433000100000000038500000142000001893738    4                       1         
G0793003000026716    2019032120190325826000000005300105320190321061302002766500100000000053000000142000001903738    4                       1         
G0793003000026716    2019032120190325826100000004260105320190321000075014354800100000000042600000142000001913089    4                       1         
G0793003000026716    2019032120190325826000000006761105320190321000559014398000100000000067610000142000001923089    4                       1         
G0793003000026716    2019032120190325826200000004260105320190321000107014357700100000000042600000142000001933089    4                       1         
G0793003000026716    2019032120190325826000000004938105320190321000800014418300100000000049380000142000001943089    4                       1         
G0793003000026716    2019032120190325826000000004387105320190321000472014390500100000000043870000142000001953089    4                       1         
G0793003000026716    2019032120190325826000000004275105320190321000904014426100100000000042750000142000001963089    4                       1         
G0793003000026716    2019032120190325826200000001373105320190404071026035932600100000000013730000142000001971829    4                       1         
G0793003000026716    2019032120190325826400000003450105320190304070451035861700100000000034500000142000001981829    4                       1         
G0793003000026716    2019032120190325826500000004219105320190304070264035801200100000000042190000142000001991829    4                       1         
G0793003000026716    2019032120190325826900000004196105320190304070934035849500100000000041960000142000002001829    4                       1         
G0793003000026716    2019032120190325826800000006326105320190404070628035904100100000000063260000142000002011829    4                       1         
G0793003000026716    2019032120190325826900000009110105320190304070662035829700100000000091100000142000002021829    4                       1         
G0793003000026716    2019032120190325826500000004090105320190404070835035919300100000000040900000142000002031829    4                       1         
G0793003000026716    2019032120190325826800000004090105320190304070296035803700100000000040900000142000002041829    4                       1         
G0793003000026716    2019032120190325826400000004230105320190304070557035822500100000000042300000142000002051829    4                       1         
G0793003000026716    2019032120190325826400000004217105320190404070452035891900100000000042170000142000002061829    4                       1         
G0793003000026716    2019032120190325826700000004050105320190304070044035859100100000000040500000142000002071829    4                       1         
G0793003000026716    2019032120190325826400000001334105320190304070545035821400100000000013340000142000002081829    4                       1         
G0793003000026716    2019032120190325826200000004096105320190404070378035886700100000000040960000142000002091829    4                       1         
G0793003000026716    2019032120190325826300000004304105320190404070969035928800100000000043040000142000002101829    4                       1         
G0793003000026716    2019032120190325826300000001390105320190404070450035891800100000000013900000142000002111829    4                       1         
G0793003000026716    2019032120190325826200000005093105320190304070992035854000100000000050930000142000002121829    4                       1         
G0793003000026716    2019032120190325826600000001309105320190304070323035805700100000000013090000142000002131829    4                       1         
G0793003000026716    2019032120190325826600000001308105320190404070783035915700100000000013080000142000002141829    4                       1         
G0793003000026716    2019032120190325826100000004050105320190204070044035782500100000000040500000142000002151829    4                       1         
G0793003000026716    2019032120190325826000000006282105320190404070797035916600100000000062820000142000002161829    4                       1         
G0793003000026716    2019032120190325826000000004308105320190304070609035825800100000000043080000142000002171829    4                       1         
G0793003000026716    2019032120190325826000000004090105320190404071007035931700100000000040900000142000002181829    4                       1         
G0793003000026716    2019032120190325826000000001419105320190304070765035837700100000000014190000142000002191829    4                       1         
G0793003000026716    2019032120190325826300000004687105320190325070208020321300100000000046870000142000002201829    4                       1         
G0793003000026716    2019032120190325826400000004230105320190225000025024002200100000000042300000142000002214065    4                       1         
G0793003000026716    2019032120190325826000000003313105320190306001690006866300100000000033130000142000002223863    4                       1         
G0793003000026716    2019032120190325826900000005423105320190306002270006870900100000000054230000142000002233863    4                       1         
G0793003000026716    2019032120190325826700000005850105320190205004800006823400100000000058500000142000002243863    4                       1         
G0793003000026716    2019032120190325826400000003300105320190306004800006893700100000000033000000142000002253863    4                       1         
G0793003000026716    2019032120190325826300000008100105320190306006014006920500100000000081000000142000002263863    4                       1         
G0793003000026716    2019032120190325826300000003203105320190306000020006851300100000000032030000142000002273863    4                       1         
G0793003000026716    2019032120190325826600000003800105320190205005100006826300100000000038000000142000002283863    4                       1         
Z00023000000000001247699                                                                                                                              
