A2201053              HIDROFORTETOCANTINS 104CAIXA ECON. FEDERAL 2019032300157703                                                                     
G0793003000026716    2019032220190325826200000016466105320190221000298014291000100000000164660000142000000013089    2                       1         
G0793003000026716    2019032220190325826200000004228105300100000071509081881800000000000042280000142000000023458    3                       1         
G0793003000026716    2019032220190326826300000007708105300100000071244081856900000000000077080000142000000032525    4                       1         
G0793003000026716    2019032220190326826300000004230105320190329000177040015800100000000042300000142000000041829    4                       1         
G0793003000026716    2019032220190326826300000004230105320190329000385040034100100000000042300000142000000051829    4                       1         
G0793003000026716    2019032220190326826300000004230105320190329000689040060100100000000042300000142000000061829    4                       1         
G0793003000026716    2019032220190326826200000004230105320190329000695040060700100000000042300000142000000071829    4                       1         
G0793003000026716    2019032220190326826100000006554105320190329000760040066600100000000065540000142000000081829    4                       1         
G0793003000026716    2019032220190326826100000004230105320190329001122040099100100000000042300000142000000091829    4                       1         
G0793003000026716    2019032220190326826100000004230105320190329000334040029600100000000042300000142000000101829    4                       1         
G0793003000026716    2019032220190326826100000004230105320190329000250040022000100000000042300000142000000111829    4                       1         
G0793003000026716    2019032220190326826000000004230105320190329000074040006700100000000042300000142000000121829    4                       1         
G0793003000026716    2019032220190326826900000005392105320190329000527040046100100000000053920000142000000131829    4                       1         
G0793003000026716    2019032220190326826500000004230105320190329000498040043600100000000042300000142000000141829    4                       1         
G0793003000026716    2019032220190326826400000004230105320190329001053040093400100000000042300000142000000151829    4                       1         
G0793003000026716    2019032220190326826800000004230105320190329000244040021600100000000042300000142000000161829    4                       1         
G0793003000026716    2019032220190326826700000004230105320190329001107040097800100000000042300000142000000171829    4                       1         
G0793003000026716    2019032220190326826600000006554105320190329001040040092300100000000065540000142000000181829    4                       1         
G0793003000026716    2019032220190326826600000004230105320190329000991040087500100000000042300000142000000191829    4                       1         
G0793003000026716    2019032220190326826500000004230105320190329000942040082800100000000042300000142000000201829    4                       1         
G0793003000026716    2019032220190326826100000004225105300100000070570081792700000000000042250000142000000213939    4                       1         
G0793003000026716    2019032220190326826900000004178105300100000070782081986200000000000041780000142000000223939    4                       1         
G0793003000026716    2019032220190326826800000011660105300100000070592081794800000000000116600000142000000233939    4                       1         
G0793003000026716    2019032220190326826700000001320105300100000071062082012200000000000013200000142000000243939    4                       1         
G0793003000026716    2019032220190326826700000004144105300100000070786081986600000000000041440000142000000253939    4                       1         
G0793003000026716    2019032220190326826900000005747105300100000070741081809400000000000057470000142000000263939    4                       1         
G0793003000026716    2019032220190326826600000001343105300100000071008082007100000000000013430000142000000273939    4                       1         
G0793003000026716    2019032220190326826200000001330105300100000070986081832100000000000013300000142000000283939    4                       1         
G0793003000026716    2019032220190326826900000001299105300100000070263081936600000000000012990000142000000293939    4                       1         
G0793003000026716    2019032220190326826200000004650105300100000061309002559200000000000046500000142000000303738    4                       1         
G0793003000026716    2019032220190326826200000004650105300100000061309002456400000000000046500000142000000313738    4                       1         
G0793003000026716    2019032220190326826000000006512105300100000071409081873000000000000065120000142000000323939    4                       1         
G0793003000026716    2019032220190326826500000001348105300100000071049081838300000000000013480000142000000333939    4                       1         
G0793003000026716    2019032220190326826500000001347105300100000070350081772000000000000013470000142000000343939    4                       1         
G0793003000026716    2019032220190326826400000005850105300100000070057081758700000000000058500000142000000353939    4                       1         
G0793003000026716    2019032220190326826400000004235105300100000070434081780000000000000042350000142000000363939    4                       1         
G0793003000026716    2019032220190326826400000004225105300100000070777081812900000000000042250000142000000373939    4                       1         
G0793003000026716    2019032220190326826400000001285105300100000071698081899100000000000012850000142000000383939    4                       1         
G0793003000026716    2019032220190326826300000008368105300100000071740081903000000000000083680000142000000393939    4                       1         
G0793003000026716    2019032220190326826300000002750105300100000071991081926400000000000027500000142000000403939    4                       1         
G0793003000026716    2019032220190326826300000001374105300100000070851081819800000000000013740000142000000413939    4                       1         
G0793003000026716    2019032220190326826300000001300105300100000070086081759700000000000013000000142000000423939    4                       1         
G0793003000026716    2019032220190326826300000001300105300100000070086081585700000000000013000000142000000433939    4                       1         
G0793003000026716    2019032220190326826200000006611105300100000070369081773900000000000066110000142000000443939    4                       1         
G0793003000026716    2019032220190326826500000004146105300100000071293081861800000000000041460000142000000453939    4                       1         
G0793003000026716    2019032220190326826800000007637105320190301000137000707100100000000076370000142000000461141    4                       1         
G0793003000026716    2019032220190326826800000004402105320190301001901000834000100000000044020000142000000471141    4                       1         
G0793003000026716    2019032220190326826600000013784105320190301000204000711700100000000137840000142000000481141    4                       1         
G0793003000026716    2019032220190326826700000005633105320190301000662000747300100000000056330000142000000491141    4                       1         
G0793003000026716    2019032220190326826700000004440105320190301002167000852900100000000044400000142000000501141    4                       1         
G0793003000026716    2019032220190326826700000004390105320190301001149000783400100000000043900000142000000511141    4                       1         
G0793003000026716    2019032220190326826900000004500105320190201000963000605700100000000045000000142000000521141    4                       1         
G0793003000026716    2019032220190326826500000011273105320190301000796000757800100000000112730000142000000531141    4                       1         
G0793003000026716    2019032220190326826800000004230105320190329000715040062600100000000042300000142000000541829    4                       1         
G0793003000026716    2019032220190326826600000003850105320181107000675000067000100000000038500000142000000554481    4                       1         
G0793003000026716    2019032220190326826200000004450105320190301001870000831800100000000044500000142000000561141    4                       1         
G0793003000026716    2019032220190326826200000004385105320190301000210000712100100000000043850000142000000571141    4                       1         
G0793003000026716    2019032220190326826400000004398105320190301000220000712600100000000043980000142000000581141    4                       1         
G0793003000026716    2019032220190326826400000004279105320190301001526000808500100000000042790000142000000591141    4                       1         
G0793003000026716    2019032220190326826300000004469105320190301001951000837500100000000044690000142000000601141    4                       1         
G0793003000026716    2019032220190326826000000004234105320190301000963000770700100000000042340000142000000611141    4                       1         
G0793003000026716    2019032220190326826000000004440105320190314000067010507200100000000044400000142000000621829    4                       1         
G0793003000026716    2019032220190326826500000019650105320190214001292010468700100000000196500000142000000631829    4                       1         
G0793003000026716    2019032220190326826900000004200105320190214001764010498500100000000042000000142000000641829    4                       1         
G0793003000026716    2019032220190326826600000006650105320190214001207010463000100000000066500000142000000651829    4                       1         
G0793003000026716    2019032220190326826600000005427105320190314000287010522800100000000054270000142000000661829    4                       1         
G0793003000026716    2019032220190326826600000004440105320190314001207010582700100000000044400000142000000671829    4                       1         
G0793003000026716    2019032220190326826200000004440105320190314001612010608400100000000044400000142000000681829    4                       1         
G0793003000026716    2019032220190326826200000004418105320190314001027010572800100000000044180000142000000691829    4                       1         
G0793003000026716    2019032220190326826200000004263105320190314001358010592400100000000042630000142000000701829    4                       1         
G0793003000026716    2019032220190326826200000004200105320181213001764010257900100000000042000000142000000711829    4                       1         
G0793003000026716    2019032220190326826100000005750105320190214000337010405100100000000057500000142000000721829    4                       1         
G0793003000026716    2019032220190326826100000004200105320181114001764010129300100000000042000000142000000731829    4                       1         
G0793003000026716    2019032220190326826400000004200105320190114001764010376200100000000042000000142000000741829    4                       1         
G0793003000026716    2019032220190326826300000004390105320190314000422010531500100000000043900000142000000751829    4                       1         
G0793003000026716    2019032220190326826500000005740105320190314000337010526200100000000057400000142000000761829    4                       1         
G0793003000026716    2019032220190326826700000003850105320181206000675095578500100000000038500000142000000774481    4                       1         
G0793003000026716    2019032220190326826800000003882105320190304060521002700500100000000038820000142000000783738    4                       1         
G0793003000026716    2019032220190326826100000004850105320190105003015006736800100000000048500000142000000793863    4                       1         
G0793003000026716    2019032220190326826200000004090105320190404070265035879300100000000040900000142000000801829    4                       1         
G0793003000026716    2019032220190326826200000004600105320190304071021035859800100000000046000000142000000811829    4                       1         
G0793003000026716    2019032220190326826900000004090105320190404070633035904600100000000040900000142000000821829    4                       1         
G0793003000026716    2019032220190326826800000004162105320190404070764035914300100000000041620000142000000831829    4                       1         
G0793003000026716    2019032220190326826700000004230105320190329000967040085100100000000042300000142000000844065    4                       1         
G0793003000026716    2019032220190326826000000003254105320190306003040006877800100000000032540000142000000853863    4                       1         
G0793003000026716    2019032220190326826500000004262105320190304070232035798200100000000042620000142000000861829    4                       1         
G0793003000026716    2019032220190326826500000004300105320190214001027010453000100000000043000000142000000871829    4                       1         
G0793003000026716    2019032220190326826100000003273105320190406002170006941400100000000032730000142000000883863    4                       1         
G0793003000026716    2019032220190326826500000003750105320181205060307002366800100000000037500000142000000893738    4                       1         
G0793003000026716    2019032220190326826700000003289105320190306005529006900700100000000032890000142000000903863    4                       1         
G0793003000026716    2019032220190326826000000004150105320190204070426035735800100000000041500000142000000911829    4                       1         
G0793003000026716    2019032220190326826500000003100105320190406000950006930300100000000031000000142000000923863    4                       1         
G0793003000026716    2019032220190326826200000003550105320190306005725006911500100000000035500000142000000933863    4                       1         
G0793003000026716    2019032220190326826600000027810105320190404070382035887000100000000278100000142000000941829    4                       1         
G0793003000026716    2019032220190326826200000002809105320190404070536035897600100000000028090000142000000951829    4                       1         
G0793003000026716    2019032220190326826100000005841105320190404071036035933300100000000058410000142000000961829    4                       1         
G0793003000026716    2019032220190326826600000007227105320190306002680006874300100000000072270000142000000973863    4                       1         
G0793003000026716    2019032220190326826300000004090105320190404070251035878100100000000040900000142000000981829    4                       1         
G0793003000026716    2019032220190326826000000005666105320190314001142010578900100000000056660000142000000991829    4                       1         
G0793003000026716    2019032220190326826000000005525105320190314000705010551100100000000055250000142000001001829    4                       1         
G0793003000026716    2019032220190326826000000004252105320190314000081010508100100000000042520000142000001011829    4                       1         
G0793003000026716    2019032220190326826800000004650105320190321061361002771600100000000046500000142000001023738    4                       1         
G0793003000026716    2019032220190326826400000003750105320190104060307002563100100000000037500000142000001033738    4                       1         
G0793003000026716    2019032220190326826500000006800105320181105060307002262300100000000068000000142000001043738    4                       1         
G0793003000026716    2019032220190326826700000006353105320190306005568006903400100000000063530000142000001053863    4                       1         
G0793003000026716    2019032220190326826600000004256105320190304070677035831100100000000042560000142000001061829    4                       1         
G0793003000026716    2019032220190326826700000005206105320190404070962035928300100000000052060000142000001071829    4                       1         
G0793003000026716    2019032220190326826700000004317105320190404070872035922000100000000043170000142000001081829    4                       1         
G0793003000026716    2019032220190326826500000004090105320190404070624035903900100000000040900000142000001091829    4                       1         
G0793003000026716    2019032220190326826000000004749105320190404070116035869300100000000047490000142000001101829    4                       1         
G0793003000026716    2019032220190326826600000001346105320190304070035035786100100000000013460000142000001111829    4                       1         
G0793003000026716    2019032220190326826100000001311105320190404070010035862600100000000013110000142000001121829    4                       1         
G0793003000026716    2019032220190326826100000004194105320190304070365035808400100000000041940000142000001131829    4                       1         
G0793003000026716    2019032220190326826100000004134105320190304070514035819400100000000041340000142000001141829    4                       1         
G0793003000026716    2019032220190326826800000004900105320190321061358002771300100000000049000000142000001153089    4                       1         
G0793003000026716    2019032220190326826800000004230105320190329000739040064600100000000042300000142000001161829    4                       1         
G0793003000026716    2019032220190326826000000008540105320190304070678035831200100000000085400000142000001171829    4                       1         
G0793003000026716    2019032220190326826700000004928105320190306003390006881200100000000049280000142000001183863    4                       1         
G0793003000026716    2019032220190326826700000004382105320190306005571006903600100000000043820000142000001193863    4                       1         
G0793003000026716    2019032220190326826100000003303105320190306002360006871800100000000033030000142000001203863    4                       1         
G0793003000026716    2019032220190326826100000004345105320190321000371014381200100000000043450000142000001213089    4                       1         
G0793003000026716    2019032220190326826500000005472105320190306004820006893800100000000054720000142000001220793    4                       1         
G0793003000026716    2019032220190326826700000003273105320190306005360006898900100000000032730000142000001230793    4                       1         
G0793003000026716    2019032220190326826800000003400105320190205005190006826900100000000034000000142000001240793    4                       1         
G0793003000026716    2019032220190326826100000003141105320190406005579006975800100000000031410000142000001250793    4                       1         
G0793003000026716    2019032220190326826300000003141105320190406005400006970700100000000031410000142000001260793    4                       1         
G0793003000026716    2019032220190326826300000004230105320190225000406024039500100000000042300000142000001271737    4                       1         
G0793003000026716    2019032220190326826900000004230105320190225000737024070700100000000042300000142000001281737    4                       1         
G0793003000026716    2019032220190326826900000004230105320190225000473024045700100000000042300000142000001291737    4                       1         
G0793003000026716    2019032220190326826600000004230105320190325000276024096200100000000042300000142000001301737    4                       1         
G0793003000026716    2019032220190326826700000006662105320190325000178024088200100000000066620000142000001311737    4                       1         
G0793003000026716    2019032220190326826400000004230105320190325000473024113300100000000042300000142000001321737    4                       1         
G0793003000026716    2019032220190326826400000004230105320190325000310024099500100000000042300000142000001331737    4                       1         
G0793003000026716    2019032220190326826300000006554105320190225000395024038400100000000065540000142000001341737    4                       1         
G0793003000026716    2019032220190326826300000004230105320190325000395024107000100000000042300000142000001351737    4                       1         
G0793003000026716    2019032220190326826300000004230105320190225000150024014400100000000042300000142000001361737    4                       1         
G0793003000026716    2019032220190326826500000004230105320190325000596024124200100000000042300000142000001371737    4                       1         
G0793003000026716    2019032220190326826500000004230105320190225000107024010200100000000042300000142000001381737    4                       1         
G0793003000026716    2019032220190326826000000004230105320190325000376024105400100000000042300000142000001391737    4                       1         
G0793003000026716    2019032220190326826000000004230105320190225000642024062400100000000042300000142000001401737    4                       1         
G0793003000026716    2019032220190326826800000003763105320190221000707014327700100000000037630000142000001413089    4                       1         
G0793003000026716    2019032220190326826700000004340105320190321000175014363600100000000043400000142000001423089    4                       1         
G0793003000026716    2019032220190326826900000007895105320190221000277014289100100000000078950000142000001433089    4                       1         
G0793003000026716    2019032220190326826900000004260105320190321000847014422200100000000042600000142000001443089    4                       1         
G0793003000026716    2019032220190326826300000004700105320181205003015006665000100000000047000000142000001453863    4                       1         
G0793003000026716    2019032220190326826900000004260105320190321000125014359200100000000042600000142000001463089    4                       1         
G0793003000026716    2019032220190326826200000004383105320190321000085014355700100000000043830000142000001473089    4                       1         
G0793003000026716    2019032220190326826200000004260105320190321000426014386200100000000042600000142000001483089    4                       1         
G0793003000026716    2019032220190326826200000004260105320190321000346014379000100000000042600000142000001493089    4                       1         
G0793003000026716    2019032220190326826100000004260105320190321000681014408900100000000042600000142000001503089    4                       1         
G0793003000026716    2019032220190326826500000006587105320190321000317014376300100000000065870000142000001513089    4                       1         
G0793003000026716    2019032220190326826500000004385105320190321000699014410500100000000043850000142000001523089    4                       1         
G0793003000026716    2019032220190326826500000001348105320190321000902014425900100000000013480000142000001533089    4                       1         
G0793003000026716    2019032220190326826300000003100105320190406003330006952300100000000031000000142000001543863    4                       1         
G0793003000026716    2019032220190326826400000004512105320190221000947014346400100000000045120000142000001553089    4                       1         
G0793003000026716    2019032220190326826400000004420105320190221000208014282900100000000044200000142000001563089    4                       1         
G0793003000026716    2019032220190326826300000010850105320190321000796014418000100000000108500000142000001573089    4                       1         
G0793003000026716    2019032220190326826000000004467105320190321000742014414000100000000044670000142000001583089    4                       1         
G0793003000026716    2019032220190326826800000003850105320181107001124000111900100000000038500000142000001591737    4                       1         
G0793003000026716    2019032220190326826000000003850105320181206001124095622900100000000038500000142000001601737    4                       1         
G0793003000026716    2019032220190326826500000004359105320190225070403020307600100000000043590000142000001611829    4                       1         
G0793003000026716    2019032220190326826600000006054105320190325070359020331400100000000060540000142000001621829    4                       1         
G0793003000026716    2019032220190326826900000004550105320190225070247020296900100000000045500000142000001631829    4                       1         
G0793003000026716    2019032220190326826700000004252105320190225070281020299300100000000042520000142000001641829    4                       1         
G0793003000026716    2019032220190326826300000012765105320190315000283022168600100000000127650000142000001653738    4                       1         
G0793003000026716    2019032220190326826100000007135105320190315000628022198300100000000071350000142000001663738    4                       1         
G0793003000026716    2019032220190326826900000004230105320190315000171022158400100000000042300000142000001673738    4                       1         
G0793003000026716    2019032220190326826600000004230105320190315000268022167200100000000042300000142000001683738    4                       1         
G0793003000026716    2019032220190326826300000004230105320190315000745022207100100000000042300000142000001693738    4                       1         
G0793003000026716    2019032220190326826200000007878105320190315000440022182000100000000078780000142000001703738    4                       1         
G0793003000026716    2019032220190326826200000004858105320190306002951006877100100000000048580000142000001713863    4                       1         
G0793003000026716    2019032220190326826500000004200105320190115000224018018700100000000042000000142000001721141    4                       1         
G0793003000026716    2019032220190326826700000004260105320190215000492018100600100000000042600000142000001731141    4                       1         
G0793003000026716    2019032220190326826600000006207105320190315000046018124800100000000062070000142000001741141    4                       1         
G0793003000026716    2019032220190326826600000005973105320190315000683018174400100000000059730000142000001751141    4                       1         
G0793003000026716    2019032220190326826200000004200105320190315000224018179500100000000042000000142000001761141    4                       1         
G0793003000026716    2019032220190326826500000006885105320190315000633018170900100000000068850000142000001771141    4                       1         
G0793003000026716    2019032220190326826200000004260105320190215000532018104300100000000042600000142000001781141    4                       1         
G0793003000026716    2019032220190326826500000004811105320190315000520018161000100000000048110000142000001791141    4                       1         
G0793003000026716    2019032220190326826500000004265105320190215000297018084800100000000042650000142000001801141    4                       1         
G0793003000026716    2019032220190326826500000004230105320190315000297018143800100000000042300000142000001811141    4                       1         
G0793003000026716    2019032220190326826300000003000105320190324000248018179700100000000030000000142000001821141    4                       1         
G0793003000026716    2019032220190326826000000004230105320190306001006028071400100000000042300000142000001834481    4                       1         
G0793003000026716    2019032220190326826600000005973105320190306000940028066400100000000059730000142000001844481    4                       1         
G0793003000026716    2019032220190326826900000004230105320190306000903028063700100000000042300000142000001854481    4                       1         
G0793003000026716    2019032220190326826900000004230105320190306000323028019100100000000042300000142000001864481    4                       1         
G0793003000026716    2019032220190326826200000004230105320190306000899028063400100000000042300000142000001874481    4                       1         
G0793003000026716    2019032220190326826800000004230105320190306000408028024200100000000042300000142000001884481    4                       1         
G0793003000026716    2019032220190326826700000004230105320190306000748028051000100000000042300000142000001894481    4                       1         
G0793003000026716    2019032220190326826100000004230105320190306001087028077600100000000042300000142000001904481    4                       1         
G0793003000026716    2019032220190326826100000004230105320190306000796028055600100000000042300000142000001914481    4                       1         
G0793003000026716    2019032220190326826100000004230105320190306000396028023300100000000042300000142000001924481    4                       1         
G0793003000026716    2019032220190326826300000004230105320190306001067028075800100000000042300000142000001934481    4                       1         
G0793003000026716    2019032220190326826500000004190105320190404000620002677600100000000041900000142000001941116    4                       1         
G0793003000026716    2019032220190326826600000004190105320190404000150002652900100000000041900000142000001951116    4                       1         
G0793003000026716    2019032220190326826700000004409105320190404000282002659900100000000044090000142000001961116    4                       1         
G0793003000026716    2019032220190326826900000007800105320190404000635002678300100000000078000000142000001971116    4                       1         
G0793003000026716    2019032220190326826200000004370105320190304000089002603100100000000043700000142000001981116    4                       1         
G0793003000026716    2019032220190326826200000001290105320190404000385002664500100000000012900000142000001991116    4                       1         
G0793003000026716    2019032220190326826300000004379105320190304000741002639000100000000043790000142000002001116    4                       1         
G0793003000026716    2019032220190326826500000005538105320190304000775002641400100000000055380000142000002011116    4                       1         
G0793003000026716    2019032220190326826000000005671105320190304000635002633000100000000056710000142000002021116    4                       1         
G0793003000026716    2019032220190326826000000008621105320190306000171045014500100000000086210000142000002031829    4                       1         
G0793003000026716    2019032220190326826800000011741105320190306000697045058200100000000117410000142000002041829    4                       1         
G0793003000026716    2019032220190326826800000012206105320190321000200014365700100000000122060000142000002053089    4                       1         
G0793003000026716    2019032220190326826200000001343105320190321000419014385500100000000013430000142000002063089    4                       1         
G0793003000026716    2019032220190326826800000004235105320190321000275014372400100000000042350000142000002073089    4                       1         
G0793003000026716    2019032220190326826600000005009105320190321000084014355600100000000050090000142000002083089    4                       1         
G0793003000026716    2019032220190326826600000004260105320190321000126014359300100000000042600000142000002093089    4                       1         
G0793003000026716    2019032220190326826600000004241105320190321000734014413400100000000042410000142000002103089    4                       1         
Z00021200000000001032518                                                                                                                              
