A2201053              HIDROFORTETOCANTINS 104CAIXA ECON. FEDERAL 2019032600157803                                                                     
G0793003000026716    2019032520190326826800000004230105320190315000686018174700100000000042300000142000000011141    3                       1         
G0793003000026716    2019032520190326826500000004456105320190315000195018136300100000000044560000142000000021141    3                       1         
G0793003000026716    2019032520190326826100000004456105320190315000202018137000100000000044560000142000000031141    3                       1         
G0793003000026716    2019032520190326826400000020701105320190325000230024092500100000000207010000142000000043464    3                       1         
G0793003000026716    2019032520190326826300000006568105320190321000427014386300100000000065680000142000000053089    3                       1         
G0793003000026716    2019032520190327826800000004386105320190301002127000849900100000000043860000142000000061141    4                       1         
G0793003000026716    2019032520190327826000000004230105320190329000559040048900100000000042300000142000000071829    4                       1         
G0793003000026716    2019032520190327826900000004230105320190329001176040104100100000000042300000142000000081829    4                       1         
G0793003000026716    2019032520190327826900000004230105320190329000922040080900100000000042300000142000000091829    4                       1         
G0793003000026716    2019032520190327826900000004230105320190329000878040077400100000000042300000142000000101829    4                       1         
G0793003000026716    2019032520190327826800000005973105320190329000078040007000100000000059730000142000000111829    4                       1         
G0793003000026716    2019032520190327826800000004230105320190329000599040052300100000000042300000142000000121829    4                       1         
G0793003000026716    2019032520190327826800000004230105320190329000124040011000100000000042300000142000000131829    4                       1         
G0793003000026716    2019032520190327826800000004230105320190329000061040005600100000000042300000142000000141829    4                       1         
G0793003000026716    2019032520190327826700000010850105320190329000665040057800100000000108500000142000000151829    4                       1         
G0793003000026716    2019032520190327826700000005392105320190329000367040032600100000000053920000142000000161829    4                       1         
G0793003000026716    2019032520190327826700000004811105320190329000042040003800100000000048110000142000000171829    4                       1         
G0793003000026716    2019032520190327826700000004230105320190329000240040021400100000000042300000142000000181829    4                       1         
G0793003000026716    2019032520190327826700000004230105320190329000071040006500100000000042300000142000000191829    4                       1         
G0793003000026716    2019032520190327826600000004230105320190329000428040037700100000000042300000142000000201829    4                       1         
G0793003000026716    2019032520190327826600000004230105320190329000224040020000100000000042300000142000000211829    4                       1         
G0793003000026716    2019032520190327826500000004230105320190329001270040113000100000000042300000142000000221829    4                       1         
G0793003000026716    2019032520190327826500000004230105320190329000141040012500100000000042300000142000000231829    4                       1         
G0793003000026716    2019032520190327826500000004230105320190329000103040009100100000000042300000142000000241829    4                       1         
G0793003000026716    2019032520190327826500000004230105320190329000094040008200100000000042300000142000000251829    4                       1         
G0793003000026716    2019032520190327826500000004230105320190329000023040002300100000000042300000142000000261829    4                       1         
G0793003000026716    2019032520190327826300000004230105320190329000045040004000100000000042300000142000000271829    4                       1         
G0793003000026716    2019032520190327826300000004230105320190329000041040003700100000000042300000142000000281829    4                       1         
G0793003000026716    2019032520190327826100000013523105320190329000122040010800100000000135230000142000000291829    4                       1         
G0793003000026716    2019032520190327826100000004230105320190329000735040064200100000000042300000142000000301829    4                       1         
G0793003000026716    2019032520190327826100000004230105320190329000331040029300100000000042300000142000000311829    4                       1         
G0793003000026716    2019032520190327826000000005392105320190329000504040044000100000000053920000142000000321829    4                       1         
G0793003000026716    2019032520190327826000000004811105320190329000654040056900100000000048110000142000000331829    4                       1         
G0793003000026716    2019032520190327826000000004230105320190329000630040054600100000000042300000142000000341829    4                       1         
G0793003000026716    2019032520190327826000000004230105320190329000595040051900100000000042300000142000000351829    4                       1         
G0793003000026716    2019032520190327826000000004230105320190329000447040039300100000000042300000142000000361829    4                       1         
G0793003000026716    2019032520190327826400000005973105320190329000927040081300100000000059730000142000000371829    4                       1         
G0793003000026716    2019032520190327826400000004230105320190329000677040058900100000000042300000142000000381829    4                       1         
G0793003000026716    2019032520190327826400000004230105320190329000213040018900100000000042300000142000000391829    4                       1         
G0793003000026716    2019032520190327826400000004230105320190329000005040000500100000000042300000142000000401829    4                       1         
G0793003000026716    2019032520190327826300000004230105320190329000449040039500100000000042300000142000000411829    4                       1         
G0793003000026716    2019032520190327826500000001314105300100000070362081773200000000000013140000142000000423939    4                       1         
G0793003000026716    2019032520190327826500000004168105300100000071476082051800000000000041680000142000000433939    4                       1         
G0793003000026716    2019032520190327826200000011459105300100000071723081901400000000000114590000142000000443939    4                       1         
G0793003000026716    2019032520190327826600000001318105300100000071753081904300000000000013180000142000000453939    4                       1         
G0793003000026716    2019032520190327826500000004857105300100000070994082005700000000000048570000142000000463939    4                       1         
G0793003000026716    2019032520190327826500000004220105300100000071631082065900000000000042200000142000000473939    4                       1         
G0793003000026716    2019032520190327826500000001322105300100000070680081976200000000000013220000142000000483939    4                       1         
G0793003000026716    2019032520190327826500000004142105300100000070861081993300000000000041420000142000000493939    4                       1         
G0793003000026716    2019032520190327826500000004130105300100000071481082052200000000000041300000142000000503939    4                       1         
G0793003000026716    2019032520190327826500000004130105300100000071144082020100000000000041300000142000000513939    4                       1         
G0793003000026716    2019032520190327826900000001958105300100000070991082005400000000000019580000142000000521829    4                       1         
G0793003000026716    2019032520190327826500000004130105300100000070615081969900000000000041300000142000000533939    4                       1         
G0793003000026716    2019032520190327826900000004130105300100000071044082010500000000000041300000142000000543939    4                       1         
G0793003000026716    2019032520190327826500000004130105300100000070468081956100000000000041300000142000000553939    4                       1         
G0793003000026716    2019032520190327826400000010603105300100000071458081877200000000000106030000142000000563939    4                       1         
G0793003000026716    2019032520190327826400000006949105300100000071116082017400000000000069490000142000000573939    4                       1         
G0793003000026716    2019032520190327826400000006486105300100000071467081878100000000000064860000142000000583939    4                       1         
G0793003000026716    2019032520190327826400000005930105300100000070389081775800000000000059300000142000000593939    4                       1         
G0793003000026716    2019032520190327826400000004866105300100000070135081760100000000000048660000142000000603939    4                       1         
G0793003000026716    2019032520190327826400000004350105300100000071736081902700000000000043500000142000000613939    4                       1         
G0793003000026716    2019032520190327826900000001322105300100000071076082013600000000000013220000142000000623939    4                       1         
G0793003000026716    2019032520190327826900000001322105300100000071051082011200000000000013220000142000000633939    4                       1         
G0793003000026716    2019032520190327826900000001305105300100000071027082009000000000000013050000142000000643939    4                       1         
G0793003000026716    2019032520190327826300000004148105300100000071176082023100000000000041480000142000000653939    4                       1         
G0793003000026716    2019032520190327826300000004130105300100000071892082090600000000000041300000142000000663939    4                       1         
G0793003000026716    2019032520190327826300000004130105300100000071448082049200000000000041300000142000000673939    4                       1         
G0793003000026716    2019032520190327826900000001292105300100000071540082057200000000000012920000142000000683939    4                       1         
G0793003000026716    2019032520190327826300000001368105300100000071733082075200000000000013680000142000000693939    4                       1         
G0793003000026716    2019032520190327826700000004208105300100000071658082068400000000000042080000142000000703939    4                       1         
G0793003000026716    2019032520190327826700000004165105300100000071109082016800000000000041650000142000000713939    4                       1         
G0793003000026716    2019032520190327826000000004130105300100000071893082090700000000000041300000142000000723939    4                       1         
G0793003000026716    2019032520190327826000000004130105300100000070748081982800000000000041300000142000000733939    4                       1         
G0793003000026716    2019032520190327826000000004130105300100000070448081954200000000000041300000142000000743939    4                       1         
G0793003000026716    2019032520190327826000000001353105300100000070267081937000000000000013530000142000000753939    4                       1         
G0793003000026716    2019032520190327826000000001322105300100000070446081954000000000000013220000142000000763939    4                       1         
G0793003000026716    2019032520190327826700000001322105300100000071006082006900000000000013220000142000000773939    4                       1         
G0793003000026716    2019032520190327826700000001299105300100000071352082040300000000000012990000142000000783939    4                       1         
G0793003000026716    2019032520190327826600000012574105300100000071562082059200000000000125740000142000000793939    4                       1         
G0793003000026716    2019032520190327826600000006687105300100000070214081761700000000000066870000142000000803939    4                       1         
G0793003000026716    2019032520190327826600000005266105300100000071664082068800000000000052660000142000000813939    4                       1         
G0793003000026716    2019032520190327826000000001308105300100000071029082009200000000000013080000142000000823939    4                       1         
G0793003000026716    2019032520190327826400000004270105300100000070692081977300000000000042700000142000000833939    4                       1         
G0793003000026716    2019032520190327826400000004180105300100000071266081859100000000000041800000142000000843939    4                       1         
G0793003000026716    2019032520190327826400000004220105300100000070730081808300000000000042200000142000000853939    4                       1         
G0793003000026716    2019032520190327826300000004180105300100000071667082069100000000000041800000142000000863939    4                       1         
G0793003000026716    2019032520190327826800000004112105300100000071971082097800000000000041120000142000000873939    4                       1         
G0793003000026716    2019032520190327826300000004157105300100000071484082052500000000000041570000142000000883939    4                       1         
G0793003000026716    2019032520190327826300000004150105300100000071081082014100000000000041500000142000000893939    4                       1         
G0793003000026716    2019032520190327826300000004139105300100000070677081975900000000000041390000142000000903939    4                       1         
G0793003000026716    2019032520190327826800000002539105300100000070983081831800000000000025390000142000000913939    4                       1         
G0793003000026716    2019032520190327826300000004130105300100000071119081845000000000000041300000142000000923939    4                       1         
G0793003000026716    2019032520190327826300000003574105300100000071072082013200000000000035740000142000000933939    4                       1         
G0793003000026716    2019032520190327826300000001322105300100000071715082073600000000000013220000142000000943939    4                       1         
G0793003000026716    2019032520190327826300000001322105300100000070262081936500000000000013220000142000000953939    4                       1         
G0793003000026716    2019032520190327826300000001313105300100000071725082074500000000000013130000142000000963939    4                       1         
G0793003000026716    2019032520190327826500000001322105300100000070326081942700000000000013220000142000000973939    4                       1         
G0793003000026716    2019032520190327826800000001341105300100000071805081909400000000000013410000142000000983939    4                       1         
G0793003000026716    2019032520190327826800000001322105300100000071785082080200000000000013220000142000000993939    4                       1         
G0793003000026716    2019032520190327826800000001322105300100000070507081959600000000000013220000142000001003939    4                       1         
G0793003000026716    2019032520190327826200000009071105300100000071311082036200000000000090710000142000001013939    4                       1         
G0793003000026716    2019032520190327826200000006513105300100000071349081867400000000000065130000142000001023939    4                       1         
G0793003000026716    2019032520190327826800000006930105300100000071137082019400000000000069300000142000001033939    4                       1         
G0793003000026716    2019032520190327826800000001311105300100000071958081924000000000000013110000142000001043939    4                       1         
G0793003000026716    2019032520190327826800000001304105300100000071000082006300000000000013040000142000001053939    4                       1         
G0793003000026716    2019032520190327826700000006610105300100000071084081841700000000000066100000142000001063939    4                       1         
G0793003000026716    2019032520190327826700000005278105300100000070546081963300000000000052780000142000001073939    4                       1         
G0793003000026716    2019032520190327826700000004866105300100000071854082087000000000000048660000142000001083939    4                       1         
G0793003000026716    2019032520190327826700000004687105300100000071620082064800000000000046870000142000001093939    4                       1         
G0793003000026716    2019032520190327826700000004264105300100000070520081787900000000000042640000142000001103939    4                       1         
G0793003000026716    2019032520190327826800000004122105300100000070422081951900000000000041220000142000001113939    4                       1         
G0793003000026716    2019032520190327826200000004257105300100000071010081834500000000000042570000142000001123939    4                       1         
G0793003000026716    2019032520190327826100000004277105300100000071873082088700000000000042770000142000001133939    4                       1         
G0793003000026716    2019032520190327826800000006494105300100000071090081842300000000000064940000142000001143939    4                       1         
G0793003000026716    2019032520190327826100000004130105300100000071780082079700000000000041300000142000001153939    4                       1         
G0793003000026716    2019032520190327826200000005402105300100000070750081810300000000000054020000142000001163939    4                       1         
G0793003000026716    2019032520190327826100000004130105300100000071266082031700000000000041300000142000001173939    4                       1         
G0793003000026716    2019032520190327826100000004120105300100000070873081994500000000000041200000142000001183939    4                       1         
G0793003000026716    2019032520190327826200000004251105300100000070852081819900000000000042510000142000001193939    4                       1         
G0793003000026716    2019032520190327826200000004163105300100000071838082085400000000000041630000142000001203939    4                       1         
G0793003000026716    2019032520190327826200000004158105300100000071846082086200000000000041580000142000001213939    4                       1         
G0793003000026716    2019032520190327826200000004147105300100000070253081762900000000000041470000142000001223939    4                       1         
G0793003000026716    2019032520190327826200000004144105300100000071184082023800000000000041440000142000001233939    4                       1         
G0793003000026716    2019032520190327826200000004130105300100000071485082052600000000000041300000142000001243939    4                       1         
G0793003000026716    2019032520190327826200000002035105300100000071668081896200000000000020350000142000001253939    4                       1         
G0793003000026716    2019032520190327826200000001380105300100000071030081836500000000000013800000142000001263939    4                       1         
G0793003000026716    2019032520190327826200000001340105300100000070992082005500000000000013400000142000001273939    4                       1         
G0793003000026716    2019032520190327826200000001322105300100000071405082045200000000000013220000142000001283939    4                       1         
G0793003000026716    2019032520190327826200000001322105300100000071273082032400000000000013220000142000001293939    4                       1         
G0793003000026716    2019032520190327826200000001322105300100000071128082018600000000000013220000142000001303939    4                       1         
G0793003000026716    2019032520190327826200000001307105300100000071926081921200000000000013070000142000001313939    4                       1         
G0793003000026716    2019032520190327826200000001270105300100000070013081930100000000000012700000142000001323939    4                       1         
G0793003000026716    2019032520190327826100000016317105300100000070287081766200000000000163170000142000001333939    4                       1         
G0793003000026716    2019032520190327826100000006773105300100000070727081808000000000000067730000142000001343939    4                       1         
G0793003000026716    2019032520190327826100000001322105300100000070275081937800000000000013220000142000001353939    4                       1         
G0793003000026716    2019032520190327826100000001304105300100000071643082067100000000000013040000142000001363939    4                       1         
G0793003000026716    2019032520190327826100000001288105300100000070362081946100000000000012880000142000001373939    4                       1         
G0793003000026716    2019032520190327826000000005862105300100000071648082067600000000000058620000142000001383939    4                       1         
G0793003000026716    2019032520190327826000000004350105300100000070498081786000000000000043500000142000001393939    4                       1         
G0793003000026716    2019032520190327826700000004241105300100000071922081920800000000000042410000142000001403939    4                       1         
G0793003000026716    2019032520190327826900000004279105300100000071771081906000000000000042790000142000001413939    4                       1         
G0793003000026716    2019032520190327826900000004210105300100000071457082049900000000000042100000142000001423939    4                       1         
G0793003000026716    2019032520190327826200000004344105300100000071482081879500000000000043440000142000001433939    4                       1         
G0793003000026716    2019032520190327826200000004310105300100000070734081808700000000000043100000142000001443939    4                       1         
G0793003000026716    2019032520190327826400000004172105300100000071268082031900000000000041720000142000001453939    4                       1         
G0793003000026716    2019032520190327826400000004170105300100000071120082017800000000000041700000142000001463939    4                       1         
G0793003000026716    2019032520190327826400000004153105300100000070889081995900000000000041530000142000001473939    4                       1         
G0793003000026716    2019032520190327826400000004130105300100000071576082060500000000000041300000142000001483939    4                       1         
G0793003000026716    2019032520190327826400000004130105300100000071136082019300000000000041300000142000001493939    4                       1         
G0793003000026716    2019032520190327826400000004130105300100000070513081960100000000000041300000142000001503939    4                       1         
G0793003000026716    2019032520190327826400000004127105300100000071386082043400000000000041270000142000001513939    4                       1         
G0793003000026716    2019032520190327826400000004122105300100000070618081970200000000000041220000142000001523939    4                       1         
G0793003000026716    2019032520190327826400000001342105300100000070491081958100000000000013420000142000001533939    4                       1         
G0793003000026716    2019032520190327826400000001322105300100000070974082003700000000000013220000142000001543939    4                       1         
G0793003000026716    2019032520190327826400000001322105300100000070625081970900000000000013220000142000001553939    4                       1         
G0793003000026716    2019032520190327826400000001299105300100000071353082040400000000000012990000142000001563939    4                       1         
G0793003000026716    2019032520190327826400000001297105300100000071082081841500000000000012970000142000001573939    4                       1         
G0793003000026716    2019032520190327826400000001274105300100000070406081950300000000000012740000142000001583939    4                       1         
G0793003000026716    2019032520190327826300000011741105300100000070695081804900000000000117410000142000001593939    4                       1         
G0793003000026716    2019032520190327826300000004280105300100000070382081775200000000000042800000142000001603939    4                       1         
G0793003000026716    2019032520190327826600000004253105300100000070420081778700000000000042530000142000001613939    4                       1         
G0793003000026716    2019032520190327826600000004178105300100000071952082096200000000000041780000142000001623939    4                       1         
G0793003000026716    2019032520190327826600000004170105300100000070387081948500000000000041700000142000001633939    4                       1         
G0793003000026716    2019032520190327826600000004168105300100000071641082066900000000000041680000142000001643939    4                       1         
G0793003000026716    2019032520190327826600000004130105300100000070764081984400000000000041300000142000001653939    4                       1         
G0793003000026716    2019032520190327826600000004130105300100000070347081944600000000000041300000142000001663939    4                       1         
G0793003000026716    2019032520190327826600000004121105300100000070979082004200000000000041210000142000001673939    4                       1         
G0793003000026716    2019032520190327826600000001372105300100000071754081904400000000000013720000142000001683939    4                       1         
G0793003000026716    2019032520190327826600000001322105300100000070876081994700000000000013220000142000001693939    4                       1         
G0793003000026716    2019032520190327826600000001322105300100000070643081972600000000000013220000142000001703939    4                       1         
G0793003000026716    2019032520190327826600000001322105300100000070589081967300000000000013220000142000001713939    4                       1         
G0793003000026716    2019032520190327826600000001312105300100000071007082007000000000000013120000142000001723939    4                       1         
G0793003000026716    2019032520190327826500000005955105300100000071868082088200000000000059550000142000001733939    4                       1         
G0793003000026716    2019032520190327826500000005829105300100000070377081774700000000000058290000142000001743939    4                       1         
G0793003000026716    2019032520190327826800000004214105300100000071464082050600000000000042140000142000001753939    4                       1         
G0793003000026716    2019032520190327826800000004167105300100000071714082073500000000000041670000142000001763939    4                       1         
G0793003000026716    2019032520190327826800000004130105300100000071517082055300000000000041300000142000001773939    4                       1         
G0793003000026716    2019032520190327826800000004130105300100000071193082024700000000000041300000142000001783939    4                       1         
G0793003000026716    2019032520190327826800000004122105300100000071119082017700000000000041220000142000001793939    4                       1         
G0793003000026716    2019032520190327826200000004100105300100000070003081929800000000000041000000142000001803458    4                       1         
G0793003000026716    2019032520190327826600000008931105320190325000757024137300100000000089310000142000001811737    4                       1         
G0793003000026716    2019032520190327826300000004230105320190225000593024057500100000000042300000142000001821737    4                       1         
G0793003000026716    2019032520190327826800000005973105320190225000069024006500100000000059730000142000001831737    4                       1         
G0793003000026716    2019032520190327826100000004230105320190325000623024126600100000000042300000142000001841737    4                       1         
G0793003000026716    2019032520190327826200000012752105320190325000410024108100100000000127520000142000001851737    4                       1         
G0793003000026716    2019032520190327826500000004811105320190325000026024074500100000000048110000142000001861737    4                       1         
G0793003000026716    2019032520190327826500000004230105320190325000696024132600100000000042300000142000001871737    4                       1         
G0793003000026716    2019032520190327826400000004230105320190325000102024081600100000000042300000142000001881737    4                       1         
G0793003000026716    2019032520190327826600000004230105320190225000192024018500100000000042300000142000001891737    4                       1         
G0793003000026716    2019032520190327826800000004811105320190225000123024011800100000000048110000142000001901737    4                       1         
G0793003000026716    2019032520190327826400000004230105320190225000374024036500100000000042300000142000001911737    4                       1         
G0793003000026716    2019032520190327826600000004230105320190325000221024091700100000000042300000142000001921737    4                       1         
G0793003000026716    2019032520190327826700000004811105320190325000128024083700100000000048110000142000001931737    4                       1         
G0793003000026716    2019032520190327826700000004326105320190325000355024103600100000000043260000142000001941737    4                       1         
G0793003000026716    2019032520190327826100000004230105320190325000585024123100100000000042300000142000001951737    4                       1         
G0793003000026716    2019032520190327826400000003868105320190304060533002701400100000000038680000142000001964462    4                       1         
G0793003000026716    2019032520190327826400000003850105320181206001005095611100100000000038500000142000001974481    4                       1         
G0793003000026716    2019032520190327826300000010285105320190321000205014366100100000000102850000142000001983089    4                       1         
G0793003000026716    2019032520190327826000000004240105320190321000937014428600100000000042400000142000001993089    4                       1         
G0793003000026716    2019032520190327826900000004650105320190321061355002771000100000000046500000142000002003089    4                       1         
G0793003000026716    2019032520190327826400000004230105320190329001199040106400100000000042300000142000002011829    4                       1         
G0793003000026716    2019032520190327826100000004230105320190225000029024002600100000000042300000142000002021737    4                       1         
G0793003000026716    2019032520190327826000000004230105320190325000571024122000100000000042300000142000002031737    4                       1         
G0793003000026716    2019032520190327826000000004230105320190225000160024015400100000000042300000142000002041737    4                       1         
G0793003000026716    2019032520190327826900000004230105320190325000627024127000100000000042300000142000002051737    4                       1         
G0793003000026716    2019032520190327826900000004230105320190325000154024086000100000000042300000142000002061737    4                       1         
G0793003000026716    2019032520190327826800000034730105320190325000639024127900100000000347300000142000002071737    4                       1         
G0793003000026716    2019032520190327826700000004230105320190225000364024035500100000000042300000142000002081737    4                       1         
G0793003000026716    2019032520190327826900000006443105320190325000698024132700100000000064430000142000002091737    4                       1         
G0793003000026716    2019032520190327826500000004230105320190325000479024113900100000000042300000142000002101737    4                       1         
G0793003000026716    2019032520190327826500000004230105320190325000313024099800100000000042300000142000002111737    4                       1         
G0793003000026716    2019032520190327826900000012750105320190304060055002669600100000000127500000142000002123738    4                       1         
G0793003000026716    2019032520190327826000000003838105320190404060722002822600100000000038380000142000002133738    4                       1         
G0793003000026716    2019032520190327826000000002275105320190304060745002720100100000000022750000142000002143738    4                       1         
G0793003000026716    2019032520190327826800000004230105320190325000160024086600100000000042300000142000002151737    4                       1         
G0793003000026716    2019032520190327826800000004230105320190225000039024003600100000000042300000142000002161737    4                       1         
G0793003000026716    2019032520190327826900000005585105320190314000845010562400100000000055850000142000002171829    4                       1         
G0793003000026716    2019032520190327826700000004056105320190304060872002731400100000000040560000142000002183738    4                       1         
G0793003000026716    2019032520190327826700000003982105320190304060770002722600100000000039820000142000002193738    4                       1         
G0793003000026716    2019032520190327826900000005582105320190314000949010568000100000000055820000142000002201829    4                       1         
G0793003000026716    2019032520190327826300000003838105320190404061192002864400100000000038380000142000002213738    4                       1         
G0793003000026716    2019032520190327826400000003838105320190404060724002822800100000000038380000142000002223738    4                       1         
G0793003000026716    2019032520190327826600000003973105320190304060203002674000100000000039730000142000002233738    4                       1         
G0793003000026716    2019032520190327826500000004230105320190325000218024091500100000000042300000142000002241737    4                       1         
G0793003000026716    2019032520190327826800000004230105320190325000347024102900100000000042300000142000002251737    4                       1         
G0793003000026716    2019032520190327826800000009299105320190304061004002742900100000000092990000142000002263738    4                       1         
G0793003000026716    2019032520190327826800000003960105320190304060850002729200100000000039600000142000002273738    4                       1         
G0793003000026716    2019032520190327826200000004060105320190304060494002698300100000000040600000142000002283738    4                       1         
G0793003000026716    2019032520190327826200000003838105320190404060802002830200100000000038380000142000002293738    4                       1         
G0793003000026716    2019032520190327826800000003865105320190304060852002729400100000000038650000142000002303738    4                       1         
G0793003000026716    2019032520190327826400000004340105320190325000109024082100100000000043400000142000002311737    4                       1         
G0793003000026716    2019032520190327826800000001271105320190304060596002706400100000000012710000142000002323738    4                       1         
G0793003000026716    2019032520190327826100000003838105320190404060747002825000100000000038380000142000002333738    4                       1         
G0793003000026716    2019032520190327826100000003814105320190404060743002824600100000000038140000142000002343738    4                       1         
G0793003000026716    2019032520190327826800000004230105320190325000281024096700100000000042300000142000002351737    4                       1         
G0793003000026716    2019032520190327826900000003882105320190304060672002713100100000000038820000142000002363738    4                       1         
G0793003000026716    2019032520190327826900000003841105320190304060942002737400100000000038410000142000002373738    4                       1         
G0793003000026716    2019032520190327826900000001165105320190304060723002717900100000000011650000142000002383738    4                       1         
G0793003000026716    2019032520190327826100000004230105320190225000515024049900100000000042300000142000002391737    4                       1         
G0793003000026716    2019032520190327826900000005500105320190214000949010448300100000000055000000142000002401829    4                       1         
G0793003000026716    2019032520190327826900000005300105320190114001519010361000100000000053000000142000002411829    4                       1         
G0793003000026716    2019032520190327826900000004800105320190214000215010396700100000000048000000142000002421829    4                       1         
G0793003000026716    2019032520190327826900000004386105320190314000729010552700100000000043860000142000002431829    4                       1         
G0793003000026716    2019032520190327826700000001380105320190314001681010613000100000000013800000142000002441829    4                       1         
G0793003000026716    2019032520190327826600000006952105320190314001763010617700100000000069520000142000002451829    4                       1         
G0793003000026716    2019032520190327826400000004230105320190329000826040072500100000000042300000142000002461829    4                       1         
G0793003000026716    2019032520190327826800000004230105320190329000013040001300100000000042300000142000002471829    4                       1         
G0793003000026716    2019032520190327826600000005392105320190329000560040049000100000000053920000142000002481829    4                       1         
G0793003000026716    2019032520190327826300000008460105320190325000083024080000100000000084600000142000002492525    4                       1         
G0793003000026716    2019032520190327826400000009115105320190221000178014280300100000000091150000142000002503089    4                       1         
G0793003000026716    2019032520190327826900000003123105320190406005030006967200100000000031230000142000002510793    4                       1         
G0793003000026716    2019032520190327826500000003796105320190404060929002841300100000000037960000142000002523738    4                       1         
G0793003000026716    2019032520190327826000000003900105320190304060175002672000100000000039000000142000002533738    4                       1         
G0793003000026716    2019032520190327826000000003850105320190304060054002669500100000000038500000142000002543738    4                       1         
G0793003000026716    2019032520190327826400000007770105320190304060598002706600100000000077700000142000002553738    4                       1         
G0793003000026716    2019032520190327826600000003850105320190304060153002671500100000000038500000142000002563738    4                       1         
G0793003000026716    2019032520190327826100000001213105320190404060752002825500100000000012130000142000002573738    4                       1         
G0793003000026716    2019032520190327826600000003838105320190404060828002832400100000000038380000142000002583738    4                       1         
G0793003000026716    2019032520190327826400000003979105320190304060669002712800100000000039790000142000002593738    4                       1         
G0793003000026716    2019032520190327826900000001268105320190304060597002706500100000000012680000142000002603738    4                       1         
G0793003000026716    2019032520190327826900000001242105320190304060549002702700100000000012420000142000002613738    4                       1         
G0793003000026716    2019032520190327826500000003200105320190406005420006970800100000000032000000142000002620793    4                       1         
G0793003000026716    2019032520190327826500000003200105320190306005992006919000100000000032000000142000002630793    4                       1         
G0793003000026716    2019032520190327826500000003150105320190406005180006968500100000000031500000142000002640793    4                       1         
G0793003000026716    2019032520190327826600000003274105320190306004830006893900100000000032740000142000002650793    4                       1         
G0793003000026716    2019032520190327826800000003148105320190406005130006968200100000000031480000142000002660793    4                       1         
G0793003000026716    2019032520190327826700000003154105320190406005190006968600100000000031540000142000002670793    4                       1         
G0793003000026716    2019032520190327826400000003956105320190304060853002729500100000000039560000142000002683738    4                       1         
G0793003000026716    2019032520190327826800000010784105320190225000282024027300100000000107840000142000002691737    4                       1         
G0793003000026716    2019032520190327826300000004230105320190325000728024135200100000000042300000142000002701737    4                       1         
G0793003000026716    2019032520190327826300000004230105320190325000386024106100100000000042300000142000002711737    4                       1         
G0793003000026716    2019032520190327826300000004230105320190325000052024077000100000000042300000142000002721737    4                       1         
G0793003000026716    2019032520190327826100000003891105320190304060792002724500100000000038910000142000002733738    4                       1         
G0793003000026716    2019032520190327826100000007331105320190315000546018163300100000000073310000142000002741141    4                       1         
G0793003000026716    2019032520190327826700000004472105320190315000560018164300100000000044720000142000002751141    4                       1         
G0793003000026716    2019032520190327826700000004811105320190315000487018158200100000000048110000142000002761141    4                       1         
G0793003000026716    2019032520190327826000000004200105320190115000502018041200100000000042000000142000002771141    4                       1         
G0793003000026716    2019032520190327826600000004230105320190306000566028036000100000000042300000142000002784481    4                       1         
G0793003000026716    2019032520190327826700000008460105320190306000332028019700100000000084600000142000002794481    4                       1         
G0793003000026716    2019032520190327826100000004230105320190306000929028065500100000000042300000142000002804481    4                       1         
G0793003000026716    2019032520190327826100000004230105320190306000686028045900100000000042300000142000002814481    4                       1         
G0793003000026716    2019032520190327826200000004230105320190306000834028058600100000000042300000142000002824481    4                       1         
G0793003000026716    2019032520190327826200000004230105320190306000740028050200100000000042300000142000002834481    4                       1         
G0793003000026716    2019032520190327826100000005392105320190306000221028013000100000000053920000142000002844481    4                       1         
G0793003000026716    2019032520190327826700000004230105320190306000714028047800100000000042300000142000002854481    4                       1         
G0793003000026716    2019032520190327826900000004230105320190306000233028013800100000000042300000142000002864481    4                       1         
G0793003000026716    2019032520190327826900000008460105320190306000405028023900100000000084600000142000002874481    4                       1         
G0793003000026716    2019032520190327826900000006554105320190306001049028074400100000000065540000142000002884481    4                       1         
G0793003000026716    2019032520190327826900000008380105320190304000353002617800100000000083800000142000002891116    4                       1         
G0793003000026716    2019032520190327826500000004382105320190304000719002637600100000000043820000142000002901116    4                       1         
G0793003000026716    2019032520190327826500000004190105320190404000155002653200100000000041900000142000002911116    4                       1         
G0793003000026716    2019032520190327826400000007998105320190404000004002645300100000000079980000142000002921116    4                       1         
G0793003000026716    2019032520190327826400000004190105320190404000138002651900100000000041900000142000002931116    4                       1         
G0793003000026716    2019032520190327826300000004190105320190404000512002671100100000000041900000142000002941116    4                       1         
G0793003000026716    2019032520190327826300000004190105320190404000236002658200100000000041900000142000002951116    4                       1         
G0793003000026716    2019032520190327826200000004388105320190304000678002635500100000000043880000142000002961116    4                       1         
G0793003000026716    2019032520190327826200000004384105320190304000630002632700100000000043840000142000002971116    4                       1         
G0793003000026716    2019032520190327826300000004362105320190304000803002643400100000000043620000142000002981116    4                       1         
G0793003000026716    2019032520190327826600000004316105320190404000472002669000100000000043160000142000002991116    4                       1         
G0793003000026716    2019032520190327826600000004190105320190404000147002652700100000000041900000142000003001116    4                       1         
G0793003000026716    2019032520190327826800000004368105320190304000615002631900100000000043680000142000003011116    4                       1         
G0793003000026716    2019032520190327826500000012743105320190304000093002603300100000000127430000142000003021116    4                       1         
G0793003000026716    2019032520190327826800000004190105320190404000359002663600100000000041900000142000003031116    4                       1         
G0793003000026716    2019032520190327826700000005915105320190404000350002663200100000000059150000142000003041116    4                       1         
G0793003000026716    2019032520190327826700000005915105320190404000126002651500100000000059150000142000003051116    4                       1         
G0793003000026716    2019032520190327826700000004398105320190304000550002627800100000000043980000142000003061116    4                       1         
G0793003000026716    2019032520190327826700000004388105320190304000415002620500100000000043880000142000003071116    4                       1         
G0793003000026716    2019032520190327826100000004190105320190404000187002654900100000000041900000142000003081116    4                       1         
G0793003000026716    2019032520190327826200000004190105320190404000305002661300100000000041900000142000003091116    4                       1         
G0793003000026716    2019032520190327826100000004485105320190304000760002640300100000000044850000142000003101116    4                       1         
G0793003000026716    2019032520190327826000000004297105320190404000415002666100100000000042970000142000003111116    4                       1         
G0793003000026716    2019032520190327826000000004190105320190404000789002687600100000000041900000142000003121116    4                       1         
G0793003000026716    2019032520190327826900000001290105320190404000742002684400100000000012900000142000003131116    4                       1         
G0793003000026716    2019032520190327826000000004190105320190404000619002677500100000000041900000142000003141116    4                       1         
G0793003000026716    2019032520190327826700000001290105320190404000545002673100100000000012900000142000003151116    4                       1         
G0793003000026716    2019032520190327826900000004750105320190321061290002765700100000000047500000142000003163738    4                       1         
G0793003000026716    2019032520190327826700000003976105320190304060780002723400100000000039760000142000003173738    4                       1         
G0793003000026716    2019032520190327826700000003946105320190304060528002700900100000000039460000142000003183738    4                       1         
G0793003000026716    2019032520190327826700000001688105320190404061183002863500100000000016880000142000003193738    4                       1         
G0793003000026716    2019032520190327826600000006500105320190321061267002764300100000000065000000142000003203738    4                       1         
G0793003000026716    2019032520190327826900000004473105320190304070548035821700100000000044730000142000003211829    4                       1         
G0793003000026716    2019032520190327826100000006650105320190304071043035857400100000000066500000142000003221829    4                       1         
G0793003000026716    2019032520190327826500000001390105320190404070268035879600100000000013900000142000003231829    4                       1         
G0793003000026716    2019032520190327826500000004090105320190404070379035886800100000000040900000142000003241829    4                       1         
G0793003000026716    2019032520190327826500000004050105320190204070713035757400100000000040500000142000003251829    4                       1         
G0793003000026716    2019032520190327826500000001308105320190404070721035911700100000000013080000142000003261829    4                       1         
G0793003000026716    2019032520190327826400000004223105320190304070016035785000100000000042230000142000003271829    4                       1         
G0793003000026716    2019032520190327826400000004249105320190404070828035918800100000000042490000142000003281829    4                       1         
G0793003000026716    2019032520190327826400000004237105320190304070439035813900100000000042370000142000003291829    4                       1         
G0793003000026716    2019032520190327826400000004213105320190404070772035914900100000000042130000142000003301829    4                       1         
G0793003000026716    2019032520190327826300000004090105320190404070971035929000100000000040900000142000003311829    4                       1         
G0793003000026716    2019032520190327826300000004090105320190404070248035877900100000000040900000142000003321829    4                       1         
G0793003000026716    2019032520190327826300000004090105320190404070172035871700100000000040900000142000003331829    4                       1         
G0793003000026716    2019032520190327826600000001313105320190404070551035898900100000000013130000142000003341829    4                       1         
G0793003000026716    2019032520190327826600000004234105320190304070299035804000100000000042340000142000003351829    4                       1         
G0793003000026716    2019032520190327826600000004343105320190404070982035929900100000000043430000142000003361829    4                       1         
G0793003000026716    2019032520190327826400000004087105320190304070713035834100100000000040870000142000003371829    4                       1         
G0793003000026716    2019032520190327826600000004150105320190304070267035801500100000000041500000142000003381829    4                       1         
G0793003000026716    2019032520190327826800000004050105320190404070713035936800100000000040500000142000003391829    4                       1         
G0793003000026716    2019032520190327826800000004090105320190404071000035931200100000000040900000142000003401829    4                       1         
G0793003000026716    2019032520190327826700000007105105320190304070881035845600100000000071050000142000003411829    4                       1         
G0793003000026716    2019032520190327826200000004090105320190404070715035911100100000000040900000142000003421829    4                       1         
G0793003000026716    2019032520190327826600000004649105320190404070157035870400100000000046490000142000003431829    4                       1         
G0793003000026716    2019032520190327826000000004117105320190304071006035854900100000000041170000142000003441829    4                       1         
G0793003000026716    2019032520190327826900000001404105320190404070465035892800100000000014040000142000003451829    4                       1         
G0793003000026716    2019032520190327826700000004090105320190404070671035907700100000000040900000142000003461829    4                       1         
G0793003000026716    2019032520190327826700000004090105320190304070237035798700100000000040900000142000003471829    4                       1         
G0793003000026716    2019032520190327826000000004173105320190404070619035903500100000000041730000142000003481829    4                       1         
G0793003000026716    2019032520190327826000000004080105320190404070722035911800100000000040800000142000003491829    4                       1         
G0793003000026716    2019032520190327826900000004295105320190314000514010537200100000000042950000142000003501829    4                       1         
G0793003000026716    2019032520190327826700000010009105320190306000380006854200100000000100090000142000003513863    4                       1         
G0793003000026716    2019032520190327826500000004895105320190306002530006873400100000000048950000142000003523863    4                       1         
G0793003000026716    2019032520190327826500000003329105320190306003880006885300100000000033290000142000003533863    4                       1         
G0793003000026716    2019032520190327826500000003303105320190306002200006870400100000000033030000142000003543863    4                       1         
G0793003000026716    2019032520190327826500000003160105320190406002280006942300100000000031600000142000003553863    4                       1         
G0793003000026716    2019032520190327826500000003156105320190406003880006956800100000000031560000142000003563863    4                       1         
G0793003000026716    2019032520190327826400000009800105320190406006020006992700100000000098000000142000003573863    4                       1         
G0793003000026716    2019032520190327826400000004778105320190306001770006867000100000000047780000142000003583863    4                       1         
G0793003000026716    2019032520190327826000000003952105320190304060391002689300100000000039520000142000003593738    4                       1         
G0793003000026716    2019032520190327826700000004933105320190225070274020298600100000000049330000142000003601829    4                       1         
G0793003000026716    2019032520190327826600000014268105320190404000093002649500100000000142680000142000003611116    4                       1         
G0793003000026716    2019032520190327826300000001322105320190325070203020320900100000000013220000142000003621829    4                       1         
G0793003000026716    2019032520190327826700000001300105320190306000650045054400100000000013000000142000003631829    4                       1         
G0793003000026716    2019032520190327826200000004230105320190306000237045020700100000000042300000142000003641829    4                       1         
G0793003000026716    2019032520190327826600000004230105320190306000705045058900100000000042300000142000003651829    4                       1         
G0793003000026716    2019032520190327826200000004230105320190306000615045051900100000000042300000142000003661829    4                       1         
G0793003000026716    2019032520190327826500000004263105320190321000163014362600100000000042630000142000003673089    4                       1         
G0793003000026716    2019032520190327826700000004252105320190321000592014400900100000000042520000142000003683089    4                       1         
G0793003000026716    2019032520190327826500000004258105320190225070381020306100100000000042580000142000003691829    4                       1         
G0793003000026716    2019032520190327826700000004260105320190321000086014355800100000000042600000142000003703089    4                       1         
G0793003000026716    2019032520190327826900000004411105320190221000186014281100100000000044110000142000003713089    4                       1         
G0793003000026716    2019032520190327826900000004260105320190321000751014414400100000000042600000142000003723089    4                       1         
G0793003000026716    2019032520190327826400000006161105320190225070329020303100100000000061610000142000003731829    4                       1         
G0793003000026716    2019032520190327826800000007648105320190325070412020334900100000000076480000142000003741829    4                       1         
G0793003000026716    2019032520190327826900000001320105320190321000780014416700100000000013200000142000003753089    4                       1         
G0793003000026716    2019032520190327826800000017393105320190321000711014411600100000000173930000142000003763089    4                       1         
G0793003000026716    2019032520190327826700000001350105320190321000505014393500100000000013500000142000003773089    4                       1         
G0793003000026716    2019032520190327826600000011114105320190221000469014306900100000000111140000142000003783089    4                       1         
G0793003000026716    2019032520190327826900000006362105320190221000614014319200100000000063620000142000003793089    4                       1         
G0793003000026716    2019032520190327826600000004433105320190221000254014287000100000000044330000142000003803089    4                       1         
G0793003000026716    2019032520190327826900000006754105320190221000886014341600100000000067540000142000003813089    4                       1         
G0793003000026716    2019032520190327826400000007563105320190221000001014264000100000000075630000142000003823089    4                       1         
G0793003000026716    2019032520190327826400000004354105320190321000663014407300100000000043540000142000003833089    4                       1         
G0793003000026716    2019032520190327826400000004241105320190321000442014387700100000000042410000142000003843089    4                       1         
G0793003000026716    2019032520190327826200000012505105320190221000327014293700100000000125050000142000003853089    4                       1         
G0793003000026716    2019032520190327826200000005210105320190221000698014326800100000000052100000142000003863089    4                       1         
G0793003000026716    2019032520190327826300000006003105320190321000743014414100100000000060030000142000003873089    4                       1         
G0793003000026716    2019032520190327826300000004316105320190221000268014288400100000000043160000142000003883089    4                       1         
G0793003000026716    2019032520190327826300000004260105320190321000250014370100100000000042600000142000003893089    4                       1         
G0793003000026716    2019032520190327826400000004751105320190406004440006961900100000000047510000142000003903863    4                       1         
G0793003000026716    2019032520190327826300000003200105320190406005992006990600100000000032000000142000003913863    4                       1         
G0793003000026716    2019032520190327826300000003133105320190406004340006961100100000000031330000142000003923863    4                       1         
G0793003000026716    2019032520190327826500000003147105320190406002470006944100100000000031470000142000003933863    4                       1         
G0793003000026716    2019032520190327826500000003100105320190406005750006983600100000000031000000142000003943863    4                       1         
G0793003000026716    2019032520190327826800000006338105320190325070385020333000100000000063380000142000003951829    4                       1         
G0793003000026716    2019032520190327826600000001332105320190325070293020326900100000000013320000142000003961829    4                       1         
G0793003000026716    2019032520190327826200000007559105320190306001050006860400100000000075590000142000003973863    4                       1         
G0793003000026716    2019032520190327826800000006450105320190406006016006992300100000000064500000142000003983863    4                       1         
G0793003000026716    2019032520190327826200000004736105320190406001060006931600100000000047360000142000003993863    4                       1         
G0793003000026716    2019032520190327826200000004700105320190306002810006875700100000000047000000142000004003863    4                       1         
G0793003000026716    2019032520190327826400000003694105320190306003850006885000100000000036940000142000004013863    4                       1         
G0793003000026716    2019032520190327826300000004882105320190306001940006868400100000000048820000142000004023863    4                       1         
G0793003000026716    2019032520190327826800000004730105320190406003570006954200100000000047300000142000004033863    4                       1         
G0793003000026716    2019032520190327826600000003200105320190306005987006918800100000000032000000142000004043863    4                       1         
G0793003000026716    2019032520190327826600000003166105320190406004390006961400100000000031660000142000004053863    4                       1         
G0793003000026716    2019032520190327826800000003756105320190306005628006908000100000000037560000142000004063863    4                       1         
G0793003000026716    2019032520190327826100000003383105320190306000640006856700100000000033830000142000004073863    4                       1         
G0793003000026716    2019032520190327826100000003157105320190406000280006924500100000000031570000142000004083863    4                       1         
G0793003000026716    2019032520190327826100000004740105320190406000840006929500100000000047400000142000004093863    4                       1         
G0793003000026716    2019032520190327826000000004740105320190406003870006956700100000000047400000142000004103863    4                       1         
G0793003000026716    2019032520190327826100000004464105320190306002491006873000100000000044640000142000004113863    4                       1         
G0793003000026716    2019032520190327826900000003272105320190406004670006964200100000000032720000142000004123863    4                       1         
G0793003000026716    2019032520190327826900000003200105320190306005685006910800100000000032000000142000004133863    4                       1         
G0793003000026716    2019032520190327826900000003114105320190406000080006922900100000000031140000142000004143863    4                       1         
G0793003000026716    2019032520190327826000000003470105320190306002260006870800100000000034700000142000004153863    4                       1         
G0793003000026716    2019032520190327826000000003124105320190406001270006933500100000000031240000142000004163863    4                       1         
G0793003000026716    2019032520190327826600000004800105320190406005961006988600100000000048000000142000004173863    4                       1         
G0793003000026716    2019032520190327826900000008320105320190306000290006853400100000000083200000142000004183863    4                       1         
G0793003000026716    2019032520190327826900000006576105320190315000709018176100100000000065760000142000004191141    4                       1         
G0793003000026716    2019032520190327826900000004437105320190315000631018170700100000000044370000142000004201141    4                       1         
G0793003000026716    2019032520190327826300000014414105320190315000690018175000100000000144140000142000004211141    4                       1         
G0793003000026716    2019032520190327826500000004811105320190315000154018132900100000000048110000142000004221141    4                       1         
G0793003000026716    2019032520190327826400000004230105320190315000492018158600100000000042300000142000004231141    4                       1         
G0793003000026716    2019032520190327826400000004331105320190315000382018150100100000000043310000142000004241141    4                       1         
G0793003000026716    2019032520190327826400000004230105320190315000147018132600100000000042300000142000004251141    4                       1         
G0793003000026716    2019032520190327826200000005518105320190315000438018154300100000000055180000142000004261141    4                       1         
G0793003000026716    2019032520190327826200000004385105320190315000394018151200100000000043850000142000004271141    4                       1         
G0793003000026716    2019032520190327826800000004230105320190315000272018141700100000000042300000142000004281141    4                       1         
G0793003000026716    2019032520190327826800000004811105320190315000109018130200100000000048110000142000004291141    4                       1         
G0793003000026716    2019032520190327826600000004272105320190215000394018092900100000000042720000142000004301141    4                       1         
G0793003000026716    2019032520190327826600000004260105320190215000502018101500100000000042600000142000004311141    4                       1         
G0793003000026716    2019032520190327826600000004230105320190315000377018149600100000000042300000142000004321141    4                       1         
G0793003000026716    2019032520190327826800000004260105320190215000147018072700100000000042600000142000004331141    4                       1         
G0793003000026716    2019032520190327826300000004260105320190321000062014353500100000000042600000142000004343089    4                       1         
G0793003000026716    2019032520190327826300000004255105320190321000180014364100100000000042550000142000004353089    4                       1         
G0793003000026716    2019032520190327826600000004365105320190321000104014357400100000000043650000142000004363089    4                       1         
G0793003000026716    2019032520190327826800000004446105320190221000255014287100100000000044460000142000004373089    4                       1         
G0793003000026716    2019032520190327826800000004260105320190321000840014421600100000000042600000142000004383089    4                       1         
G0793003000026716    2019032520190327826600000001348105320190321000873014423700100000000013480000142000004393089    4                       1         
G0793003000026716    2019032520190327826700000011185105320190321000222014367700100000000111850000142000004403089    4                       1         
G0793003000026716    2019032520190327826200000004260105320190321000016014349300100000000042600000142000004413089    4                       1         
G0793003000026716    2019032520190327826000000004260105320190321000779014416600100000000042600000142000004423089    4                       1         
G0793003000026716    2019032520190327826700000014237105320190225070112020288600100000000142370000142000004431829    4                       1         
G0793003000026716    2019032520190327826200000004110105320190325070081020313300100000000041100000142000004441829    4                       1         
G0793003000026716    2019032520190327826100000008462105320190325070028020310500100000000084620000142000004451829    4                       1         
G0793003000026716    2019032520190327826100000006990105320190325070413020335000100000000069900000142000004461829    4                       1         
G0793003000026716    2019032520190327826100000002581105320190225070310020301900100000000025810000142000004471829    4                       1         
G0793003000026716    2019032520190327826600000007788105320190225070296020300600100000000077880000142000004481829    4                       1         
G0793003000026716    2019032520190327826900000004388105320190225070192020293700100000000043880000142000004491829    4                       1         
G0793003000026716    2019032520190327826700000004243105320190325070415020335100100000000042430000142000004501829    4                       1         
G0793003000026716    2019032520190327826000000004425105320190225070131020289900100000000044250000142000004511829    4                       1         
G0793003000026716    2019032520190327826000000001332105320190325070128020316400100000000013320000142000004521829    4                       1         
G0793003000026716    2019032520190327826600000006551105320190225070126020289500100000000065510000142000004531829    4                       1         
G0793003000026716    2019032520190327826600000006368105320190325070191020320200100000000063680000142000004541829    4                       1         
G0793003000026716    2019032520190327826000000001312105320190325070408020334500100000000013120000142000004551829    4                       1         
G0793003000026716    2019032520190327826500000004321105320190315000696022203600100000000043210000142000004563738    4                       1         
G0793003000026716    2019032520190327826500000004260105320190215000160022086300100000000042600000142000004573738    4                       1         
G0793003000026716    2019032520190327826500000004230105320190315000499022187100100000000042300000142000004583738    4                       1         
G0793003000026716    2019032520190327826800000004200105320190115000148022013100100000000042000000142000004593738    4                       1         
G0793003000026716    2019032520190327826800000006554105320190315000543022191100100000000065540000142000004603738    4                       1         
G0793003000026716    2019032520190327826600000004230105320190315000239022164600100000000042300000142000004613738    4                       1         
G0793003000026716    2019032520190327826500000007878105320190315000479022185400100000000078780000142000004623738    4                       1         
G0793003000026716    2019032520190327826800000004200105320190315000113022153500100000000042000000142000004633738    4                       1         
G0793003000026716    2019032520190327826600000009466105320190315000317022171600100000000094660000142000004643738    4                       1         
G0793003000026716    2019032520190327826100000010850105320190315000645022199500100000000108500000142000004653738    4                       1         
G0793003000026716    2019032520190327826700000004811105320190315000503022187500100000000048110000142000004663738    4                       1         
G0793003000026716    2019032520190327826000000008504105320190315000068022149700100000000085040000142000004673738    4                       1         
G0793003000026716    2019032520190327826000000004230105320190315000418022180100100000000042300000142000004683738    4                       1         
G0793003000026716    2019032520190327826800000011183105320190401000204000877600100000000111830000142000004691141    4                       1         
G0793003000026716    2019032520190327826500000004304105320190301001693000819600100000000043040000142000004701141    4                       1         
G0793003000026716    2019032520190327826500000004273105320190301001306000793900100000000042730000142000004711141    4                       1         
G0793003000026716    2019032520190327826500000004264105320190301001190000786400100000000042640000142000004721141    4                       1         
G0793003000026716    2019032520190327826400000004383105320190301001302000793500100000000043830000142000004731141    4                       1         
G0793003000026716    2019032520190327826400000004379105320190301000910000766300100000000043790000142000004741141    4                       1         
G0793003000026716    2019032520190327826700000013824105320190301000605000743600100000000138240000142000004751141    4                       1         
G0793003000026716    2019032520190327826700000007309105320190301000230000713400100000000073090000142000004761141    4                       1         
G0793003000026716    2019032520190327826700000004960105320190301002160000852300100000000049600000142000004771141    4                       1         
G0793003000026716    2019032520190327826700000004385105320190301000404000727300100000000043850000142000004781141    4                       1         
G0793003000026716    2019032520190327826700000004266105320190301001246000790100100000000042660000142000004791141    4                       1         
G0793003000026716    2019032520190327826100000004290105320190401001034000941500100000000042900000142000004801141    4                       1         
G0793003000026716    2019032520190327826100000004290105320190401000496000900600100000000042900000142000004811141    4                       1         
G0793003000026716    2019032520190327826100000006173105320190301000254000715400100000000061730000142000004821141    4                       1         
G0793003000026716    2019032520190327826100000005950105320181203001442000298600100000000059500000142000004831141    4                       1         
G0793003000026716    2019032520190327826100000004453105320190301001764000824600100000000044530000142000004841141    4                       1         
G0793003000026716    2019032520190327826100000004435105320190301001584000811900100000000044350000142000004851141    4                       1         
G0793003000026716    2019032520190327826900000004989105320190301001248000790200100000000049890000142000004861141    4                       1         
G0793003000026716    2019032520190327826900000004280105320190301000188000710500100000000042800000142000004871141    4                       1         
G0793003000026716    2019032520190327826600000005653105320190301001122000781500100000000056530000142000004881141    4                       1         
G0793003000026716    2019032520190327826600000004383105320190301000152000708300100000000043830000142000004891141    4                       1         
G0793003000026716    2019032520190327826600000004370105320190301001366000798100100000000043700000142000004901141    4                       1         
G0793003000026716    2019032520190327826900000017550105320190201001190000621900100000000175500000142000004911141    4                       1         
G0793003000026716    2019032520190327826900000007166105320190301001216000788200100000000071660000142000004921141    4                       1         
G0793003000026716    2019032520190327826900000012927105320190314000684010549600100000000129270000142000004931829    4                       1         
G0793003000026716    2019032520190327826800000001370105320190314000980010569700100000000013700000142000004941829    4                       1         
G0793003000026716    2019032520190327826400000004200105320190214000124010390100100000000042000000142000004951829    4                       1         
G0793003000026716    2019032520190327826500000004440105320190314000972010569400100000000044400000142000004961829    4                       1         
G0793003000026716    2019032520190327826400000004436105320190314000255010520500100000000044360000142000004971829    4                       1         
G0793003000026716    2019032520190327826400000004392105320190314000311010524500100000000043920000142000004981829    4                       1         
G0793003000026716    2019032520190327826400000004390105320190314000215010517900100000000043900000142000004991829    4                       1         
G0793003000026716    2019032520190327826300000004200105320190214001775010499600100000000042000000142000005001829    4                       1         
G0793003000026716    2019032520190327826800000011007105320190314001452010598800100000000110070000142000005011829    4                       1         
G0793003000026716    2019032520190327826300000004390105320190314000608010544100100000000043900000142000005021829    4                       1         
G0793003000026716    2019032520190327826300000004390105320190314000327010525700100000000043900000142000005031829    4                       1         
G0793003000026716    2019032520190327826400000004299105320190301000192000710900100000000042990000142000005041141    4                       1         
G0793003000026716    2019032520190327826400000004290105320190401000345000888900100000000042900000142000005051141    4                       1         
G0793003000026716    2019032520190327826400000004283105320190401000278000883200100000000042830000142000005061141    4                       1         
G0793003000026716    2019032520190327826200000010854105320190215000634018113500100000000108540000142000005071141    4                       1         
G0793003000026716    2019032520190327826200000006540105320190301000637000745700100000000065400000142000005081141    4                       1         
G0793003000026716    2019032520190327826800000006120105320190401002232001024500100000000061200000142000005091141    4                       1         
G0793003000026716    2019032520190327826300000005081105320190301001014000773800100000000050810000142000005101141    4                       1         
G0793003000026716    2019032520190327826300000005050105320190201002031000680200100000000050500000142000005111141    4                       1         
G0793003000026716    2019032520190327826300000004409105320190301000162000708800100000000044090000142000005121141    4                       1         
G0793003000026716    2019032520190327826300000004375105320190301001432000802200100000000043750000142000005131141    4                       1         
G0793003000026716    2019032520190327826800000005452105320190401000511000901800100000000054520000142000005141141    4                       1         
G0793003000026716    2019032520190327826800000005390105320190301001124000781700100000000053900000142000005151141    4                       1         
G0793003000026716    2019032520190327826800000005068105320190301000632000745400100000000050680000142000005161141    4                       1         
G0793003000026716    2019032520190327826800000005011105320190301000282000717600100000000050110000142000005171141    4                       1         
G0793003000026716    2019032520190327826800000004421105320190301001544000809500100000000044210000142000005181141    4                       1         
G0793003000026716    2019032520190327826800000004300105320190301000733000752800100000000043000000142000005191141    4                       1         
G0793003000026716    2019032520190327826800000004270105320190301001091000779300100000000042700000142000005201141    4                       1         
G0793003000026716    2019032520190327826500000005809105320190301001611000813700100000000058090000142000005211141    4                       1         
G0793003000026716    2019032520190327826600000004290105320190314000335010526100100000000042900000142000005221829    4                       1         
G0793003000026716    2019032520190327826800000004467105320190314001338010591100100000000044670000142000005231829    4                       1         
G0793003000026716    2019032520190327826800000004390105320190314000854010563200100000000043900000142000005241829    4                       1         
G0793003000026716    2019032520190327826700000007195105320190314001351010591800100000000071950000142000005251829    4                       1         
G0793003000026716    2019032520190327826700000005400105320190214001519010483600100000000054000000142000005261829    4                       1         
G0793003000026716    2019032520190327826100000004281105320190314000784010557300100000000042810000142000005271829    4                       1         
G0793003000026716    2019032520190327826200000004230105320190329001265040112500100000000042300000142000005281829    4                       1         
G0793003000026716    2019032520190327826000000012094105320190314000559010540000100000000120940000142000005291829    4                       1         
G0793003000026716    2019032520190327826600000008138105320190314000191010516200100000000081380000142000005301829    4                       1         
G0793003000026716    2019032520190327826000000009416105320190314000763010555500100000000094160000142000005311829    4                       1         
G0793003000026716    2019032520190327826000000005590105320190314000518010537400100000000055900000142000005321829    4                       1         
G0793003000026716    2019032520190327826000000004490105320190314000804010558900100000000044900000142000005331829    4                       1         
G0793003000026716    2019032520190327826000000004395105320190314000855010563300100000000043950000142000005341829    4                       1         
Z00053600000000002542260                                                                                                                              
