A2201053              HIDROFORTETOCANTINS 104CAIXA ECON. FEDERAL 2019032700157903                                                                     
G0793003000026716    2019032620190327826300000005399105320190321000286014373400100000000053990000142000000013089    2                       1         
G0793003000026716    2019032620190327826200000004230105320190329000921040080800100000000042300000142000000021829    3                       1         
G0793003000026716    2019032620190327826300000003863105320190304060869002731100100000000038630000142000000033738    3                       1         
G0793003000026716    2019032620190328826400000007878105320190329001030040091400100000000078780000142000000041829    4                       1         
G0793003000026716    2019032620190328826000000004230105320190329000459040040400100000000042300000142000000051829    4                       1         
G0793003000026716    2019032620190328826800000004230105320190329000550040048000100000000042300000142000000061829    4                       1         
G0793003000026716    2019032620190328826800000004230105320190329000430040037900100000000042300000142000000071829    4                       1         
G0793003000026716    2019032620190328826800000004230105320190329000022040002200100000000042300000142000000081829    4                       1         
G0793003000026716    2019032620190328826700000011741105320190329000382040033900100000000117410000142000000091829    4                       1         
G0793003000026716    2019032620190328826700000004230105320190329001113040098400100000000042300000142000000101829    4                       1         
G0793003000026716    2019032620190328826700000004230105320190329000976040086000100000000042300000142000000111829    4                       1         
G0793003000026716    2019032620190328826400000004230105320190329000914040080200100000000042300000142000000121829    4                       1         
G0793003000026716    2019032620190328826800000004230105320190329000284040025000100000000042300000142000000131829    4                       1         
G0793003000026716    2019032620190328826800000004230105320190329000102040009000100000000042300000142000000141829    4                       1         
G0793003000026716    2019032620190328826900000004230105320190329000309040027400100000000042300000142000000151829    4                       1         
G0793003000026716    2019032620190328826900000004230105320190329000099040008700100000000042300000142000000161829    4                       1         
G0793003000026716    2019032620190328826700000004230105320190329000917040080400100000000042300000142000000171829    4                       1         
G0793003000026716    2019032620190328826700000004230105320190329000508040044400100000000042300000142000000181829    4                       1         
G0793003000026716    2019032620190328826700000004230105320190329000354040031400100000000042300000142000000191829    4                       1         
G0793003000026716    2019032620190328826700000004230105320190329000227040020300100000000042300000142000000201829    4                       1         
G0793003000026716    2019032620190328826700000004230105320190329000212040018800100000000042300000142000000211829    4                       1         
G0793003000026716    2019032620190328826600000004230105320190329000477040041900100000000042300000142000000221829    4                       1         
G0793003000026716    2019032620190328826500000004230105320190329001146040101300100000000042300000142000000231829    4                       1         
G0793003000026716    2019032620190328826500000004230105320190329000014040001400100000000042300000142000000241829    4                       1         
G0793003000026716    2019032620190328826400000008460105320190329000362040032100100000000084600000142000000251829    4                       1         
G0793003000026716    2019032620190328826900000004230105320190329000981040086500100000000042300000142000000261829    4                       1         
G0793003000026716    2019032620190328826400000004230105320190329000860040075700100000000042300000142000000271829    4                       1         
G0793003000026716    2019032620190328826400000004230105320190329000399040035200100000000042300000142000000281829    4                       1         
G0793003000026716    2019032620190328826400000004230105320190329000158040014000100000000042300000142000000291829    4                       1         
G0793003000026716    2019032620190328826300000005392105320190329000328040029000100000000053920000142000000301829    4                       1         
G0793003000026716    2019032620190328826300000004230105320190329001161040102800100000000042300000142000000311829    4                       1         
G0793003000026716    2019032620190328826300000004230105320190329000225040020100100000000042300000142000000321829    4                       1         
G0793003000026716    2019032620190328826300000004230105320190329000161040014300100000000042300000142000000331829    4                       1         
G0793003000026716    2019032620190328826200000011741105320190329000188040016500100000000117410000142000000341829    4                       1         
G0793003000026716    2019032620190328826200000004230105320190329001202040106700100000000042300000142000000351829    4                       1         
G0793003000026716    2019032620190328826200000004230105320190329000610040053300100000000042300000142000000361829    4                       1         
G0793003000026716    2019032620190328826200000004230105320190329000308040027300100000000042300000142000000371829    4                       1         
G0793003000026716    2019032620190328826200000004230105320190329000107040009500100000000042300000142000000381829    4                       1         
G0793003000026716    2019032620190328826100000004230105320190329001140040100800100000000042300000142000000391829    4                       1         
G0793003000026716    2019032620190328826000000008621105320190329000402040035500100000000086210000142000000401829    4                       1         
G0793003000026716    2019032620190328826000000004230105320190329001022040090600100000000042300000142000000411829    4                       1         
G0793003000026716    2019032620190328826000000004230105320190329000725040063400100000000042300000142000000421829    4                       1         
G0793003000026716    2019032620190328826900000004230105320190329000569040049800100000000042300000142000000431829    4                       1         
G0793003000026716    2019032620190328826000000004130105300100000071795081908400000000000041300000142000000440996    4                       1         
G0793003000026716    2019032620190328826600000003750105300100000061155002652100000000000037500000142000000453738    4                       1         
G0793003000026716    2019032620190328826400000010629105300100000071452082049500000000000106290000142000000463939    4                       1         
G0793003000026716    2019032620190328826400000001300105300100000070436081780200000000000013000000142000000473939    4                       1         
G0793003000026716    2019032620190328826200000004168105300100000071328082037900000000000041680000142000000483939    4                       1         
G0793003000026716    2019032620190328826300000004150105300100000070487081957700000000000041500000142000000493939    4                       1         
G0793003000026716    2019032620190328826300000004136105300100000071315082036600000000000041360000142000000503939    4                       1         
G0793003000026716    2019032620190328826200000004130105300100000071099082015800000000000041300000142000000513939    4                       1         
G0793003000026716    2019032620190328826600000004765105300100000070556081964300000000000047650000142000000521829    4                       1         
G0793003000026716    2019032620190328826700000006700105300100000061155002545300000000000067000000142000000533738    4                       1         
G0793003000026716    2019032620190328826400000001322105300100000071801082081800000000000013220000142000000543939    4                       1         
G0793003000026716    2019032620190328826500000001322105300100000071826082084200000000000013220000142000000553939    4                       1         
G0793003000026716    2019032620190328826500000001250105300100000070071080186700000000000012500000142000000563939    4                       1         
G0793003000026716    2019032620190328826600000004158105300100000070742081982200000000000041580000142000000573939    4                       1         
G0793003000026716    2019032620190328826600000004144105300100000071034082009600000000000041440000142000000583939    4                       1         
G0793003000026716    2019032620190328826200000001322105300100000071750082076800000000000013220000142000000593939    4                       1         
G0793003000026716    2019032620190328826500000003096105300100000070431081779700000000000030960000142000000603939    4                       1         
G0793003000026716    2019032620190328826600000004130105300100000070743081982300000000000041300000142000000613939    4                       1         
G0793003000026716    2019032620190328826600000003022105300100000070646081972900000000000030220000142000000623939    4                       1         
G0793003000026716    2019032620190328826600000001863105300100000070845081992000000000000018630000142000000633939    4                       1         
G0793003000026716    2019032620190328826600000001322105300100000070950082001600000000000013220000142000000643939    4                       1         
G0793003000026716    2019032620190328826600000001322105300100000070904081997400000000000013220000142000000653939    4                       1         
G0793003000026716    2019032620190328826600000001322105300100000070504081959400000000000013220000142000000663939    4                       1         
G0793003000026716    2019032620190328826600000001250105300100000070071081409600000000000012500000142000000673939    4                       1         
G0793003000026716    2019032620190328826400000001313105300100000071930081921400000000000013130000142000000683939    4                       1         
G0793003000026716    2019032620190328826500000015176105300100000071746082076400000000000151760000142000000693939    4                       1         
G0793003000026716    2019032620190328826600000014450105300100000071551081885200000000000144500000142000000703939    4                       1         
G0793003000026716    2019032620190328826600000006504105300100000071692081898500000000000065040000142000000713939    4                       1         
G0793003000026716    2019032620190328826800000004166105300100000071439082048400000000000041660000142000000723939    4                       1         
G0793003000026716    2019032620190328826800000004158105300100000071552082058300000000000041580000142000000733939    4                       1         
G0793003000026716    2019032620190328826800000004130105300100000071818082083400000000000041300000142000000743939    4                       1         
G0793003000026716    2019032620190328826800000004130105300100000070327081942800000000000041300000142000000753939    4                       1         
G0793003000026716    2019032620190328826300000010601105300100000071465082050700000000000106010000142000000763939    4                       1         
G0793003000026716    2019032620190328826100000018418105300100000071451081876600000000000184180000142000000773939    4                       1         
G0793003000026716    2019032620190328826300000004865105300100000070399081776800000000000048650000142000000783939    4                       1         
G0793003000026716    2019032620190328826800000001358105300100000071343082039400000000000013580000142000000793939    4                       1         
G0793003000026716    2019032620190328826800000001328105300100000070265081936800000000000013280000142000000803939    4                       1         
G0793003000026716    2019032620190328826800000001319105300100000071470082051200000000000013190000142000000813939    4                       1         
G0793003000026716    2019032620190328826800000001319105300100000070999082006200000000000013190000142000000823939    4                       1         
G0793003000026716    2019032620190328826700000008366105300100000071132081846200000000000083660000142000000833939    4                       1         
G0793003000026716    2019032620190328826700000006506105300100000071014082007700000000000065060000142000000843939    4                       1         
G0793003000026716    2019032620190328826700000005885105300100000071275081860000000000000058850000142000000853939    4                       1         
G0793003000026716    2019032620190328826700000004744105300100000070718081979900000000000047440000142000000863939    4                       1         
G0793003000026716    2019032620190328826300000004194105300100000070804081815500000000000041940000142000000873939    4                       1         
G0793003000026716    2019032620190328826300000004330105300100000070698081977900000000000043300000142000000883939    4                       1         
G0793003000026716    2019032620190328826300000001322105300100000070477081956800000000000013220000142000000893939    4                       1         
G0793003000026716    2019032620190328826200000005600105300100000070596081448200000000000056000000142000000903939    4                       1         
G0793003000026716    2019032620190328826600000005396105300100000070278081765400000000000053960000142000000913939    4                       1         
G0793003000026716    2019032620190328826900000004130105300100000071303082035400000000000041300000142000000923939    4                       1         
G0793003000026716    2019032620190328826900000004130105300100000070772081985200000000000041300000142000000933939    4                       1         
G0793003000026716    2019032620190328826400000007236105300100000071989081926200000000000072360000142000000943939    4                       1         
G0793003000026716    2019032620190328826000000004219105300100000071652082067900000000000042190000142000000953939    4                       1         
G0793003000026716    2019032620190328826000000004201105300100000070578081966300000000000042010000142000000963939    4                       1         
G0793003000026716    2019032620190328826000000004180105300100000070586081967000000000000041800000142000000973939    4                       1         
G0793003000026716    2019032620190328826000000004158105300100000071362082041200000000000041580000142000000983939    4                       1         
G0793003000026716    2019032620190328826000000004130105300100000071363082041300000000000041300000142000000993939    4                       1         
G0793003000026716    2019032620190328826000000004130105300100000071342082039300000000000041300000142000001003939    4                       1         
G0793003000026716    2019032620190328826000000004129105300100000071337082038800000000000041290000142000001013939    4                       1         
G0793003000026716    2019032620190328826000000003619105300100000071772082078900000000000036190000142000001023939    4                       1         
G0793003000026716    2019032620190328826000000003599105300100000070433081952900000000000035990000142000001033939    4                       1         
G0793003000026716    2019032620190328826000000001397105300100000070767081984700000000000013970000142000001043939    4                       1         
G0793003000026716    2019032620190328826000000001363105300100000070279081765500000000000013630000142000001053939    4                       1         
G0793003000026716    2019032620190328826900000001322105300100000070906081997600000000000013220000142000001063939    4                       1         
G0793003000026716    2019032620190328826800000007786105300100000071425081874400000000000077860000142000001073939    4                       1         
G0793003000026716    2019032620190328826800000005444105300100000071680082070300000000000054440000142000001083939    4                       1         
G0793003000026716    2019032620190328826800000005258105300100000071545082057600000000000052580000142000001093939    4                       1         
G0793003000026716    2019032620190328826200000005386105300100000071017081835200000000000053860000142000001103939    4                       1         
G0793003000026716    2019032620190328826800000004342105300100000071254081857900000000000043420000142000001113939    4                       1         
G0793003000026716    2019032620190328826800000004247105300100000071532081883800000000000042470000142000001123939    4                       1         
G0793003000026716    2019032620190328826000000001334105300100000070431081952700000000000013340000142000001133939    4                       1         
G0793003000026716    2019032620190328826900000011690105300100000071595081889500000000000116900000142000001143939    4                       1         
G0793003000026716    2019032620190328826900000009812105300100000070364081773400000000000098120000142000001153939    4                       1         
G0793003000026716    2019032620190328826900000008419105300100000071520082055600000000000084190000142000001163939    4                       1         
G0793003000026716    2019032620190328826900000006514105300100000071675081896900000000000065140000142000001173939    4                       1         
G0793003000026716    2019032620190328826900000004228105300100000071502082054300000000000042280000142000001183939    4                       1         
G0793003000026716    2019032620190328826900000004197105300100000070775081985500000000000041970000142000001193939    4                       1         
G0793003000026716    2019032620190328826900000004191105300100000071955082096500000000000041910000142000001203939    4                       1         
G0793003000026716    2019032620190328826900000004162105300100000070791081987000000000000041620000142000001213939    4                       1         
G0793003000026716    2019032620190328826900000004147105300100000071924082093800000000000041470000142000001223939    4                       1         
G0793003000026716    2019032620190328826200000004267105300100000071566082059600000000000042670000142000001233939    4                       1         
G0793003000026716    2019032620190328826200000004253105300100000070697081805100000000000042530000142000001243939    4                       1         
G0793003000026716    2019032620190328826400000004682105300100000071491082053200000000000046820000142000001253939    4                       1         
G0793003000026716    2019032620190328826400000004163105300100000070600081968400000000000041630000142000001263939    4                       1         
G0793003000026716    2019032620190328826400000004142105300100000071392082044000000000000041420000142000001273939    4                       1         
G0793003000026716    2019032620190328826400000004130105300100000071434082048000000000000041300000142000001283939    4                       1         
G0793003000026716    2019032620190328826400000004130105300100000070811081988900000000000041300000142000001293939    4                       1         
G0793003000026716    2019032620190328826400000004122105300100000070704081978500000000000041220000142000001303939    4                       1         
G0793003000026716    2019032620190328826500000006400105300100000071784082080100000000000064000000142000001313939    4                       1         
G0793003000026716    2019032620190328826500000005395105300100000071401082044900000000000053950000142000001323939    4                       1         
G0793003000026716    2019032620190328826500000004711105300100000071627082065500000000000047110000142000001333939    4                       1         
G0793003000026716    2019032620190328826500000004291105300100000071285081861000000000000042910000142000001343939    4                       1         
G0793003000026716    2019032620190328826500000004172105300100000071821082083700000000000041720000142000001353939    4                       1         
G0793003000026716    2019032620190328826500000004136105300100000070812081989000000000000041360000142000001363939    4                       1         
G0793003000026716    2019032620190328826500000004130105300100000071440082048500000000000041300000142000001373939    4                       1         
G0793003000026716    2019032620190328826500000004130105300100000071167081849700000000000041300000142000001383939    4                       1         
G0793003000026716    2019032620190328826100000004180105300100000071917082093100000000000041800000142000001393939    4                       1         
G0793003000026716    2019032620190328826100000004130105300100000071348082039900000000000041300000142000001403939    4                       1         
G0793003000026716    2019032620190328826100000001552105300100000071776082079300000000000015520000142000001413939    4                       1         
G0793003000026716    2019032620190328826100000001382105300100000070490081785300000000000013820000142000001423939    4                       1         
G0793003000026716    2019032620190328826100000001316105300100000070470081956200000000000013160000142000001433939    4                       1         
G0793003000026716    2019032620190328826100000001305105300100000070972082003500000000000013050000142000001443939    4                       1         
G0793003000026716    2019032620190328826000000009126105300100000071836081912400000000000091260000142000001453939    4                       1         
G0793003000026716    2019032620190328826000000009102105300100000071600081889900000000000091020000142000001463939    4                       1         
G0793003000026716    2019032620190328826500000003006105300100000071589082061800000000000030060000142000001473939    4                       1         
G0793003000026716    2019032620190328826500000001876105300100000071102082016100000000000018760000142000001483939    4                       1         
G0793003000026716    2019032620190328826500000001500105300100000070911081825100000000000015000000142000001493939    4                       1         
G0793003000026716    2019032620190328826500000001423105300100000071757081904700000000000014230000142000001503939    4                       1         
G0793003000026716    2019032620190328826500000001407105300100000070270081937300000000000014070000142000001513939    4                       1         
G0793003000026716    2019032620190328826600000005244105300100000071443082048800000000000052440000142000001523939    4                       1         
G0793003000026716    2019032620190328826600000004853105300100000070737081809000000000000048530000142000001533939    4                       1         
G0793003000026716    2019032620190328826700000004230105300100000071872081915800000000000042300000142000001543939    4                       1         
G0793003000026716    2019032620190328826700000004230105300100000071455081876900000000000042300000142000001553939    4                       1         
G0793003000026716    2019032620190328826700000004164105300100000070751081983100000000000041640000142000001563939    4                       1         
G0793003000026716    2019032620190328826700000004164105300100000070706081978700000000000041640000142000001573939    4                       1         
G0793003000026716    2019032620190328826700000004144105300100000071717082073800000000000041440000142000001583939    4                       1         
G0793003000026716    2019032620190328826700000004141105300100000071392081871400000000000041410000142000001593939    4                       1         
G0793003000026716    2019032620190328826700000004130105300100000070306081940700000000000041300000142000001603939    4                       1         
G0793003000026716    2019032620190328826600000004352105300100000070673081802900000000000043520000142000001613939    4                       1         
G0793003000026716    2019032620190328826600000004237105300100000070047081758600000000000042370000142000001623939    4                       1         
G0793003000026716    2019032620190328826700000004290105320190401001581000977900100000000042900000142000001631141    4                       1         
G0793003000026716    2019032620190328826200000008800105320190205004950006824700100000000088000000142000001640793    4                       1         
G0793003000026716    2019032620190328826100000005792105320190301000154000708500100000000057920000142000001651141    4                       1         
G0793003000026716    2019032620190328826100000004295105320190401000453000897200100000000042950000142000001661141    4                       1         
G0793003000026716    2019032620190328826100000004288105320190401000923000933500100000000042880000142000001671141    4                       1         
G0793003000026716    2019032620190328826100000004271105320190401001225000955300100000000042710000142000001681141    4                       1         
G0793003000026716    2019032620190328826300000008521105320190301000099000704600100000000085210000142000001691141    4                       1         
G0793003000026716    2019032620190328826300000006821105320190301000957000770200100000000068210000142000001701141    4                       1         
G0793003000026716    2019032620190328826300000005400105320190401000129000872200100000000054000000142000001711141    4                       1         
G0793003000026716    2019032620190328826300000004290105320190401000728000918500100000000042900000142000001721141    4                       1         
G0793003000026716    2019032620190328826300000004290105320190401000667000913900100000000042900000142000001731141    4                       1         
G0793003000026716    2019032620190328826300000004290105320190401000465000898100100000000042900000142000001741141    4                       1         
G0793003000026716    2019032620190328826300000004290105320190401000454000897300100000000042900000142000001751141    4                       1         
G0793003000026716    2019032620190328826300000002468105320190401001266000957900100000000024680000142000001761141    4                       1         
G0793003000026716    2019032620190328826200000009650105320190328001011001029600100000000096500000142000001771141    4                       1         
G0793003000026716    2019032620190328826200000005707105320190301000908000766100100000000057070000142000001781141    4                       1         
G0793003000026716    2019032620190328826400000006000105320190401000490000900100100000000060000000142000001791141    4                       1         
G0793003000026716    2019032620190328826200000005550105320190301000130000706600100000000055500000142000001801141    4                       1         
G0793003000026716    2019032620190328826200000004437105320190301001334000795900100000000044370000142000001811141    4                       1         
G0793003000026716    2019032620190328826200000004377105320190301001855000830800100000000043770000142000001821141    4                       1         
G0793003000026716    2019032620190328826200000004290105320190401001597000979200100000000042900000142000001831141    4                       1         
G0793003000026716    2019032620190328826200000004271105320190401000515000902000100000000042710000142000001841141    4                       1         
G0793003000026716    2019032620190328826400000004290105320190401000591000908300100000000042900000142000001851141    4                       1         
G0793003000026716    2019032620190328826400000004290105320190401000448000896700100000000042900000142000001861141    4                       1         
G0793003000026716    2019032620190328826500000008251105320190301000661000747200100000000082510000142000001871141    4                       1         
G0793003000026716    2019032620190328826500000007385105320190301001365000798000100000000073850000142000001881141    4                       1         
G0793003000026716    2019032620190328826500000004428105320190301001643000816400100000000044280000142000001891141    4                       1         
G0793003000026716    2019032620190328826500000004290105320190401000601000909100100000000042900000142000001901141    4                       1         
G0793003000026716    2019032620190328826100000004200105320181203002220000358800100000000042000000142000001911141    4                       1         
G0793003000026716    2019032620190328826000000007356105320190301002093000847400100000000073560000142000001921141    4                       1         
G0793003000026716    2019032620190328826000000005854105320190301001077000778200100000000058540000142000001931141    4                       1         
G0793003000026716    2019032620190328826300000004969105320190406004820006965200100000000049690000142000001940793    4                       1         
G0793003000026716    2019032620190328826200000005973105320190325000249024094100100000000059730000142000001951737    4                       1         
G0793003000026716    2019032620190328826100000007255105320190325000210024090800100000000072550000142000001961737    4                       1         
G0793003000026716    2019032620190328826100000004230105320190325000438024110300100000000042300000142000001971737    4                       1         
G0793003000026716    2019032620190328826300000004326105320190325000023024074200100000000043260000142000001981737    4                       1         
G0793003000026716    2019032620190328826400000004707105320190325000004024072800100000000047070000142000001991737    4                       1         
G0793003000026716    2019032620190328826200000004326105320190325000009024073200100000000043260000142000002001737    4                       1         
G0793003000026716    2019032620190328826200000004230105320190225000227024021900100000000042300000142000002011737    4                       1         
G0793003000026716    2019032620190328826100000003838105320190404060988002846600100000000038380000142000002023738    4                       1         
G0793003000026716    2019032620190328826100000003825105320190404060960002844100100000000038250000142000002033738    4                       1         
G0793003000026716    2019032620190328826500000006664105320190325000094024081100100000000066640000142000002041737    4                       1         
G0793003000026716    2019032620190328826500000004230105320190325000720024134500100000000042300000142000002051737    4                       1         
G0793003000026716    2019032620190328826500000004230105320190225000735024070500100000000042300000142000002061737    4                       1         
G0793003000026716    2019032620190328826000000004230105320190325000444024110900100000000042300000142000002071737    4                       1         
G0793003000026716    2019032620190328826700000004315105320190325000722024134700100000000043150000142000002081737    4                       1         
G0793003000026716    2019032620190328826700000004230105320190325000576024122400100000000042300000142000002091737    4                       1         
G0793003000026716    2019032620190328826700000004230105320190325000501024115800100000000042300000142000002101737    4                       1         
G0793003000026716    2019032620190328826700000004230105320190325000142024084900100000000042300000142000002111737    4                       1         
G0793003000026716    2019032620190328826700000004230105320190225000586024056800100000000042300000142000002121737    4                       1         
G0793003000026716    2019032620190328826600000004315105320190325000528024118100100000000043150000142000002131737    4                       1         
G0793003000026716    2019032620190328826800000004230105320190325000250024094200100000000042300000142000002141737    4                       1         
G0793003000026716    2019032620190328826800000004230105320190225000589024057100100000000042300000142000002151737    4                       1         
G0793003000026716    2019032620190328826900000010850105320190325000743024136200100000000108500000142000002161737    4                       1         
G0793003000026716    2019032620190328826100000005406105320190304060936002736800100000000054060000142000002173738    4                       1         
G0793003000026716    2019032620190328826300000003940105320190304060931002736400100000000039400000142000002183738    4                       1         
G0793003000026716    2019032620190328826800000003987105320190304060516002700100100000000039870000142000002193738    4                       1         
G0793003000026716    2019032620190328826200000001270105320190304060617002708400100000000012700000142000002203738    4                       1         
G0793003000026716    2019032620190328826100000003882105320190304060734002719000100000000038820000142000002213738    4                       1         
G0793003000026716    2019032620190328826100000003838105320190404061003002848000100000000038380000142000002223738    4                       1         
G0793003000026716    2019032620190328826100000007548105320190404060046002774500100000000075480000142000002233738    4                       1         
G0793003000026716    2019032620190328826200000005349105320190404061219002866600100000000053490000142000002243738    4                       1         
G0793003000026716    2019032620190328826900000004230105320190325000510024116600100000000042300000142000002251737    4                       1         
G0793003000026716    2019032620190328826500000004808105320190404061203002865300100000000048080000142000002263738    4                       1         
G0793003000026716    2019032620190328826700000001130105320190404060800002830000100000000011300000142000002273738    4                       1         
G0793003000026716    2019032620190328826800000003838105320190404061074002853900100000000038380000142000002283738    4                       1         
G0793003000026716    2019032620190328826100000003800105320190404060886002837500100000000038000000142000002293738    4                       1         
G0793003000026716    2019032620190328826000000006228105320190304060776002723000100000000062280000142000002303738    4                       1         
G0793003000026716    2019032620190328826600000004988105320190404061013002848900100000000049880000142000002313738    4                       1         
G0793003000026716    2019032620190328826200000004199105320190404070195035873800100000000041990000142000002321829    4                       1         
G0793003000026716    2019032620190328826200000004139105320190304070515035819500100000000041390000142000002331829    4                       1         
G0793003000026716    2019032620190328826200000001340105320190304070464035815800100000000013400000142000002341829    4                       1         
G0793003000026716    2019032620190328826300000004206105320190404070680035908400100000000042060000142000002351829    4                       1         
G0793003000026716    2019032620190328826800000003838105320190404060924002840900100000000038380000142000002363738    4                       1         
G0793003000026716    2019032620190328826600000006656105320190304061112002752000100000000066560000142000002373738    4                       1         
G0793003000026716    2019032620190328826800000003838105320190404061133002859100100000000038380000142000002383738    4                       1         
G0793003000026716    2019032620190328826800000003838105320190404060186002777900100000000038380000142000002393738    4                       1         
G0793003000026716    2019032620190328826400000005492105320190304070348035807200100000000054920000142000002401829    4                       1         
G0793003000026716    2019032620190328826800000003750105320190404060184002777700100000000037500000142000002413738    4                       1         
G0793003000026716    2019032620190328826800000001110105320190404060187002778000100000000011100000142000002423738    4                       1         
G0793003000026716    2019032620190328826900000004907105320190404060343002790700100000000049070000142000002433738    4                       1         
G0793003000026716    2019032620190328826500000001398105320190404070038035864500100000000013980000142000002441829    4                       1         
G0793003000026716    2019032620190328826000000003957105320190304060767002722300100000000039570000142000002453738    4                       1         
G0793003000026716    2019032620190328826000000003882105320190304060988002741300100000000038820000142000002463738    4                       1         
G0793003000026716    2019032620190328826900000003813105320190404061085002854600100000000038130000142000002473738    4                       1         
G0793003000026716    2019032620190328826900000003771105320190404061165002861800100000000037710000142000002483738    4                       1         
G0793003000026716    2019032620190328826000000003838105320190404061049002852000100000000038380000142000002493738    4                       1         
G0793003000026716    2019032620190328826000000003838105320190404060756002825900100000000038380000142000002503738    4                       1         
G0793003000026716    2019032620190328826000000003824105320190404060971002845000100000000038240000142000002513738    4                       1         
G0793003000026716    2019032620190328826000000003797105320190404060416002796700100000000037970000142000002523738    4                       1         
G0793003000026716    2019032620190328826000000003750105320190304061155002773500100000000037500000142000002533738    4                       1         
G0793003000026716    2019032620190328826900000003888105320190404060765002826800100000000038880000142000002543738    4                       1         
G0793003000026716    2019032620190328826000000001152105320190404060739002824200100000000011520000142000002553738    4                       1         
G0793003000026716    2019032620190328826900000003838105320190404061193002864500100000000038380000142000002563738    4                       1         
G0793003000026716    2019032620190328826900000003838105320190404060857002834800100000000038380000142000002573738    4                       1         
G0793003000026716    2019032620190328826900000003838105320190404060810002830800100000000038380000142000002583738    4                       1         
G0793003000026716    2019032620190328826900000003838105320190404060364002792600100000000038380000142000002593738    4                       1         
G0793003000026716    2019032620190328826200000001262105320190404070058035866000100000000012620000142000002601829    4                       1         
G0793003000026716    2019032620190328826300000001110105320190404060744002824700100000000011100000142000002613738    4                       1         
G0793003000026716    2019032620190328826400000003838105320190404060279002785500100000000038380000142000002623738    4                       1         
G0793003000026716    2019032620190328826500000004438105320190404060191002778300100000000044380000142000002633738    4                       1         
G0793003000026716    2019032620190328826700000003861105320190304061028002745000100000000038610000142000002643738    4                       1         
G0793003000026716    2019032620190328826700000003838105320190404060414002796500100000000038380000142000002653738    4                       1         
G0793003000026716    2019032620190328826600000003980105320190304060262002678700100000000039800000142000002663738    4                       1         
G0793003000026716    2019032620190328826600000003750105320190404060097002776200100000000037500000142000002673738    4                       1         
G0793003000026716    2019032620190328826200000004090105320190404070652035906200100000000040900000142000002681829    4                       1         
G0793003000026716    2019032620190328826200000002549105320190404070275035880100100000000025490000142000002691829    4                       1         
G0793003000026716    2019032620190328826400000005850105320190214000320010403900100000000058500000142000002701829    4                       1         
G0793003000026716    2019032620190328826300000003888105320190404060415002796600100000000038880000142000002713738    4                       1         
G0793003000026716    2019032620190328826100000003804105320190404060888002837700100000000038040000142000002723738    4                       1         
G0793003000026716    2019032620190328826500000011100105320190314001271010586900100000000111000000142000002731829    4                       1         
G0793003000026716    2019032620190328826400000004390105320190314000924010566500100000000043900000142000002741829    4                       1         
G0793003000026716    2019032620190328826600000004400105320190314001716010614900100000000044000000142000002751829    4                       1         
G0793003000026716    2019032620190328826300000003882105320190304060890002733000100000000038820000142000002763738    4                       1         
G0793003000026716    2019032620190328826300000003838105320190404060329002789400100000000038380000142000002773738    4                       1         
G0793003000026716    2019032620190328826300000003813105320190404061160002861400100000000038130000142000002783738    4                       1         
G0793003000026716    2019032620190328826400000003838105320190404060201002779100100000000038380000142000002793738    4                       1         
G0793003000026716    2019032620190328826500000003838105320190404060258002783800100000000038380000142000002803738    4                       1         
G0793003000026716    2019032620190328826100000003941105320190304060862002730400100000000039410000142000002813738    4                       1         
G0793003000026716    2019032620190328826400000001125105320190404060369002792900100000000011250000142000002823738    4                       1         
G0793003000026716    2019032620190328826200000003974105320190304060766002722200100000000039740000142000002833738    4                       1         
G0793003000026716    2019032620190328826200000003843105320190304060609002707600100000000038430000142000002843738    4                       1         
G0793003000026716    2019032620190328826500000004338105320190404061022002849700100000000043380000142000002853738    4                       1         
G0793003000026716    2019032620190328826500000003838105320190404060899002838800100000000038380000142000002863738    4                       1         
G0793003000026716    2019032620190328826300000004107105320190404070233035876400100000000041070000142000002871829    4                       1         
G0793003000026716    2019032620190328826700000004097105320190404070069035866800100000000040970000142000002881829    4                       1         
G0793003000026716    2019032620190328826700000005480105320190314001564010605100100000000054800000142000002891829    4                       1         
G0793003000026716    2019032620190328826500000008621105320190315000400022178900100000000086210000142000002903738    4                       1         
G0793003000026716    2019032620190328826400000004200105320190115000337022030300100000000042000000142000002913738    4                       1         
G0793003000026716    2019032620190328826600000004319105320190315000620022197700100000000043190000142000002923738    4                       1         
G0793003000026716    2019032620190328826600000011345105320190315000114022153600100000000113450000142000002933738    4                       1         
G0793003000026716    2019032620190328826700000005010105320190314000736010553400100000000050100000142000002941829    4                       1         
G0793003000026716    2019032620190328826700000004467105320190314000891010564800100000000044670000142000002951829    4                       1         
G0793003000026716    2019032620190328826600000010845105320190315000714022205100100000000108450000142000002963738    4                       1         
G0793003000026716    2019032620190328826900000012923105320190315000306022170700100000000129230000142000002973738    4                       1         
G0793003000026716    2019032620190328826700000004400105320190314000987010570200100000000044000000142000002981829    4                       1         
G0793003000026716    2019032620190328826600000005317105320190221000871014340300100000000053170000142000002993089    4                       1         
G0793003000026716    2019032620190328826600000005112105320190221000214014283400100000000051120000142000003003089    4                       1         
G0793003000026716    2019032620190328826600000004483105320190221000266014288200100000000044830000142000003013089    4                       1         
G0793003000026716    2019032620190328826700000004266105320190321000501014393100100000000042660000142000003023089    4                       1         
G0793003000026716    2019032620190328826700000005434105320190321000455014388900100000000054340000142000003033089    4                       1         
G0793003000026716    2019032620190328826700000004256105320190321000196014365400100000000042560000142000003043089    4                       1         
G0793003000026716    2019032620190328826600000004260105320190321000635014404700100000000042600000142000003053089    4                       1         
G0793003000026716    2019032620190328826600000001336105320190321000082014355400100000000013360000142000003063089    4                       1         
G0793003000026716    2019032620190328826600000006589105320190321000523014395000100000000065890000142000003073089    4                       1         
G0793003000026716    2019032620190328826600000006206105320190221000378014298400100000000062060000142000003083089    4                       1         
G0793003000026716    2019032620190328826900000003666105320190221000082014271600100000000036660000142000003093089    4                       1         
G0793003000026716    2019032620190328826900000004231105320190321000149014361400100000000042310000142000003103089    4                       1         
G0793003000026716    2019032620190328826800000004509105320190221000668014324100100000000045090000142000003113089    4                       1         
G0793003000026716    2019032620190328826800000004347105320190321000318014376400100000000043470000142000003123089    4                       1         
G0793003000026716    2019032620190328826800000004234105320190321000845014422000100000000042340000142000003133089    4                       1         
G0793003000026716    2019032620190328826900000004329105320190221000758014331500100000000043290000142000003143089    4                       1         
G0793003000026716    2019032620190328826200000005298105320190221000493014309000100000000052980000142000003153089    4                       1         
G0793003000026716    2019032620190328826900000004313105320190225070335020303500100000000043130000142000003161829    4                       1         
G0793003000026716    2019032620190328826500000001310105320190325070391020333400100000000013100000142000003171829    4                       1         
G0793003000026716    2019032620190328826300000004115105320190225070304020301300100000000041150000142000003181829    4                       1         
G0793003000026716    2019032620190328826300000004448105320190225070088020287200100000000044480000142000003191829    4                       1         
G0793003000026716    2019032620190328826300000001279105320190325070282020326000100000000012790000142000003201829    4                       1         
G0793003000026716    2019032620190328826400000007615105320190225070231020296400100000000076150000142000003211829    4                       1         
G0793003000026716    2019032620190328826100000001582105320190325070075020313000100000000015820000142000003221829    4                       1         
G0793003000026716    2019032620190328826500000004220105320190225070300020301000100000000042200000142000003231829    4                       1         
G0793003000026716    2019032620190328826200000004341105320190225070312020302100100000000043410000142000003241829    4                       1         
G0793003000026716    2019032620190328826500000004374105320190225070133020290000100000000043740000142000003251829    4                       1         
G0793003000026716    2019032620190328826100000003405105320190325070127020316300100000000034050000142000003261829    4                       1         
G0793003000026716    2019032620190328826000000004797105320190325070164020318600100000000047970000142000003271829    4                       1         
G0793003000026716    2019032620190328826500000002953105320190325070057020311900100000000029530000142000003281829    4                       1         
G0793003000026716    2019032620190328826500000001428105320190225070127020289600100000000014280000142000003291829    4                       1         
G0793003000026716    2019032620190328826800000010889105320190225070228020296100100000000108890000142000003301829    4                       1         
G0793003000026716    2019032620190328826600000007899105320190225070257020297500100000000078990000142000003311829    4                       1         
G0793003000026716    2019032620190328826700000004952105320190225070075020286200100000000049520000142000003321829    4                       1         
G0793003000026716    2019032620190328826000000004119105320190325070335020330100100000000041190000142000003331829    4                       1         
G0793003000026716    2019032620190328826900000004472105320190315000463022184000100000000044720000142000003343738    4                       1         
G0793003000026716    2019032620190328826200000005542105320190315000423022180600100000000055420000142000003353738    4                       1         
G0793003000026716    2019032620190328826100000004230105320190315000821022211700100000000042300000142000003363738    4                       1         
G0793003000026716    2019032620190328826300000004342105320190315000611022197000100000000043420000142000003373738    4                       1         
G0793003000026716    2019032620190328826400000004329105320190315000697022203700100000000043290000142000003383738    4                       1         
G0793003000026716    2019032620190328826600000007135105320190315000448022182800100000000071350000142000003393738    4                       1         
G0793003000026716    2019032620190328826000000012888105320190315000535022190300100000000128880000142000003403738    4                       1         
G0793003000026716    2019032620190328826700000004390105320190314001633010609800100000000043900000142000003411829    4                       1         
G0793003000026716    2019032620190328826900000008108105320190314001019010572300100000000081080000142000003421829    4                       1         
G0793003000026716    2019032620190328826900000005014105320190314000785010557400100000000050140000142000003431829    4                       1         
G0793003000026716    2019032620190328826900000004392105320190314000426010531900100000000043920000142000003441829    4                       1         
G0793003000026716    2019032620190328826500000003158105320190406002730006946100100000000031580000142000003453863    4                       1         
G0793003000026716    2019032620190328826500000003156105320190406005620006979000100000000031560000142000003463863    4                       1         
G0793003000026716    2019032620190328826000000005094105320190306003305006880500100000000050940000142000003473863    4                       1         
G0793003000026716    2019032620190328826500000003149105320190406002590006945200100000000031490000142000003483863    4                       1         
G0793003000026716    2019032620190328826600000004744105320190306002600006921800100000000047440000142000003493863    4                       1         
G0793003000026716    2019032620190328826400000004965105320190314000733010553100100000000049650000142000003501829    4                       1         
G0793003000026716    2019032620190328826600000004700105320190205002600006803200100000000047000000142000003513863    4                       1         
G0793003000026716    2019032620190328826600000003853105320190406003950006957300100000000038530000142000003523863    4                       1         
G0793003000026716    2019032620190328826600000003200105320190306005805006913100100000000032000000142000003533863    4                       1         
G0793003000026716    2019032620190328826400000004230105320190329000995040087900100000000042300000142000003541829    4                       1         
G0793003000026716    2019032620190328826700000003200105320190406005755006983700100000000032000000142000003553863    4                       1         
G0793003000026716    2019032620190328826700000003100105320190406005971006989400100000000031000000142000003563863    4                       1         
G0793003000026716    2019032620190328826800000003358105320190406000730006928600100000000033580000142000003573863    4                       1         
G0793003000026716    2019032620190328826800000003166105320190306004409006890100100000000031660000142000003583863    4                       1         
G0793003000026716    2019032620190328826800000003100105320190306003370006922000100000000031000000142000003593863    4                       1         
G0793003000026716    2019032620190328826000000003168105320190406003200006950800100000000031680000142000003603863    4                       1         
G0793003000026716    2019032620190328826900000003100105320190406006012006992000100000000031000000142000003613863    4                       1         
G0793003000026716    2019032620190328826900000003100105320190306005978006918300100000000031000000142000003623863    4                       1         
G0793003000026716    2019032620190328826900000007991105320190315000603018168200100000000079910000142000003631141    4                       1         
G0793003000026716    2019032620190328826600000004485105320190315000028018123400100000000044850000142000003641141    4                       1         
G0793003000026716    2019032620190328826300000004333105320190315000564018164700100000000043330000142000003651141    4                       1         
G0793003000026716    2019032620190328826100000004230105320190315000157018133100100000000042300000142000003661141    4                       1         
G0793003000026716    2019032620190328826300000008674105320190315000173018134600100000000086740000142000003671141    4                       1         
G0793003000026716    2019032620190328826400000004230105320190315000253018140600100000000042300000142000003681141    4                       1         
G0793003000026716    2019032620190328826200000006674105320190315000443018154800100000000066740000142000003691141    4                       1         
G0793003000026716    2019032620190328826200000006110105320190315000733018178000100000000061100000142000003701141    4                       1         
G0793003000026716    2019032620190328826000000006745105320190401000536000903900100000000067450000142000003711141    4                       1         
G0793003000026716    2019032620190328826500000004336105320190315000172018134500100000000043360000142000003721141    4                       1         
G0793003000026716    2019032620190328826800000009364105320190315000420018152900100000000093640000142000003731141    4                       1         
G0793003000026716    2019032620190328826600000004230105320190315000574018165600100000000042300000142000003741141    4                       1         
G0793003000026716    2019032620190328826900000006554105320190306000489028029600100000000065540000142000003754481    4                       1         
G0793003000026716    2019032620190328826100000008460105320190405000525028110300100000000084600000142000003764481    4                       1         
G0793003000026716    2019032620190328826100000008460105320190306000843028059200100000000084600000142000003774481    4                       1         
G0793003000026716    2019032620190328826100000004230105320190405000743028128000100000000042300000142000003784481    4                       1         
G0793003000026716    2019032620190328826100000004230105320190405000217028090500100000000042300000142000003794481    4                       1         
G0793003000026716    2019032620190328826300000004230105320190405000421028102800100000000042300000142000003804481    4                       1         
G0793003000026716    2019032620190328826400000006554105320190306000909028064300100000000065540000142000003814481    4                       1         
G0793003000026716    2019032620190328826200000004230105320190405000935028143400100000000042300000142000003824481    4                       1         
G0793003000026716    2019032620190328826200000004230105320190306000770028053200100000000042300000142000003834481    4                       1         
G0793003000026716    2019032620190328826200000004230105320190306000743028050500100000000042300000142000003844481    4                       1         
G0793003000026716    2019032620190328826400000004230105320190306000945028066800100000000042300000142000003854481    4                       1         
G0793003000026716    2019032620190328826400000004230105320190306000805028056400100000000042300000142000003864481    4                       1         
G0793003000026716    2019032620190328826100000001310105320190405000009028078400100000000013100000142000003874481    4                       1         
G0793003000026716    2019032620190328826000000004230105320190306001064028075600100000000042300000142000003884481    4                       1         
G0793003000026716    2019032620190328826000000004230105320190329000035040003300100000000042300000142000003891829    4                       1         
G0793003000026716    2019032620190328826000000004230105320190329001269040112900100000000042300000142000003903939    4                       1         
G0793003000026716    2019032620190328826900000004230105320190225000307024029800100000000042300000142000003914481    4                       1         
G0793003000026716    2019032620190328826700000006091105320190304060605002707200100000000060910000142000003923738    4                       1         
G0793003000026716    2019032620190328826200000004440105320190404061150002860500100000000044400000142000003933738    4                       1         
G0793003000026716    2019032620190328826600000004338105320190404061103002856300100000000043380000142000003943738    4                       1         
G0793003000026716    2019032620190328826800000003860105320190304061151002755300100000000038600000142000003953738    4                       1         
G0793003000026716    2019032620190328826800000001160105320190404060328002789300100000000011600000142000003963089    4                       1         
G0793003000026716    2019032620190328826500000004230105320190329000053040004800100000000042300000142000003971829    4                       1         
G0793003000026716    2019032620190328826000000004328105320190301000867000763400100000000043280000142000003981141    4                       1         
G0793003000026716    2019032620190328826000000004295105320190401001527000975000100000000042950000142000003991141    4                       1         
G0793003000026716    2019032620190328826000000004290105320190401000466000898200100000000042900000142000004001141    4                       1         
G0793003000026716    2019032620190328826000000004290105320190301002149000851500100000000042900000142000004011141    4                       1         
G0793003000026716    2019032620190328826000000004227105320190301000366000724200100000000042270000142000004021141    4                       1         
G0793003000026716    2019032620190328826600000004376105320190301000441000730400100000000043760000142000004031141    4                       1         
G0793003000026716    2019032620190328826700000004307105320190401001806000993900100000000043070000142000004041141    4                       1         
G0793003000026716    2019032620190328826700000004300105320190201002115000685700100000000043000000142000004051141    4                       1         
G0793003000026716    2019032620190328826700000004290105320190401000447000896600100000000042900000142000004061141    4                       1         
G0793003000026716    2019032620190328826700000004284105320190401001866000997900100000000042840000142000004071141    4                       1         
G0793003000026716    2019032620190328826700000004275105320190301001866000831500100000000042750000142000004081141    4                       1         
G0793003000026716    2019032620190328826600000004285105320190301001298000793200100000000042850000142000004091141    4                       1         
G0793003000026716    2019032620190328826600000004264105320190401000760000921200100000000042640000142000004101141    4                       1         
G0793003000026716    2019032620190328826600000004200105320190201001743000659500100000000042000000142000004111141    4                       1         
G0793003000026716    2019032620190328826600000008739105320190401000542000904400100000000087390000142000004121141    4                       1         
G0793003000026716    2019032620190328826700000007352105320190301000820000759700100000000073520000142000004131141    4                       1         
G0793003000026716    2019032620190328826700000005649105320190301002115000848700100000000056490000142000004141141    4                       1         
G0793003000026716    2019032620190328826700000005460105320190401001615000980700100000000054600000142000004151141    4                       1         
G0793003000026716    2019032620190328826700000004400105320190301001255000790800100000000044000000142000004161141    4                       1         
G0793003000026716    2019032620190328826800000007198105320190301000795000757700100000000071980000142000004171141    4                       1         
G0793003000026716    2019032620190328826800000006014105320190401000572000906800100000000060140000142000004181141    4                       1         
G0793003000026716    2019032620190328826800000004297105320190401001999001007900100000000042970000142000004191141    4                       1         
G0793003000026716    2019032620190328826800000004290105320190401000559000905700100000000042900000142000004201141    4                       1         
G0793003000026716    2019032620190328826800000004290105320190301001613000813900100000000042900000142000004211141    4                       1         
G0793003000026716    2019032620190328826800000004275105320190401002012001008700100000000042750000142000004221141    4                       1         
G0793003000026716    2019032620190328826900000006100105320190301002230000857500100000000061000000142000004231141    4                       1         
G0793003000026716    2019032620190328826900000006026105320190401000360000889900100000000060260000142000004241141    4                       1         
G0793003000026716    2019032620190328826900000005123105320190301002095000847600100000000051230000142000004251141    4                       1         
G0793003000026716    2019032620190328826900000004416105320190301000686000749000100000000044160000142000004261141    4                       1         
G0793003000026716    2019032620190328826900000004290105320190401001816000994600100000000042900000142000004271141    4                       1         
G0793003000026716    2019032620190328826900000004290105320190401001598000979300100000000042900000142000004281141    4                       1         
G0793003000026716    2019032620190328826900000004290105320190401000555000905400100000000042900000142000004291141    4                       1         
G0793003000026716    2019032620190328826900000004278105320190401000285000883800100000000042780000142000004301141    4                       1         
G0793003000026716    2019032620190328826800000005756105320190314000320010525100100000000057560000142000004311829    4                       1         
G0793003000026716    2019032620190328826100000008040105320190314000603010543700100000000080400000142000004321829    4                       1         
G0793003000026716    2019032620190328826100000004982105320190314001464010599600100000000049820000142000004331829    4                       1         
G0793003000026716    2019032620190328826100000004400105320190214000785010437400100000000044000000142000004341829    4                       1         
G0793003000026716    2019032620190328826900000004230105320190329001072040094900100000000042300000142000004351829    4                       1         
G0793003000026716    2019032620190328826900000004230105320190329000287040025300100000000042300000142000004361829    4                       1         
G0793003000026716    2019032620190328826500000008833105320190221000943014346200100000000088330000142000004373089    4                       1         
G0793003000026716    2019032620190328826100000004230105320190306000374045031300100000000042300000142000004383089    4                       1         
G0793003000026716    2019032620190328826300000004450105320190314000723010552400100000000044500000142000004391829    4                       1         
G0793003000026716    2019032620190328826300000004390105320190314000906010565700100000000043900000142000004401829    4                       1         
G0793003000026716    2019032620190328826300000004214105320190304070069035788700100000000042140000142000004411829    4                       1         
G0793003000026716    2019032620190328826200000006650105320190214001514010483400100000000066500000142000004421829    4                       1         
G0793003000026716    2019032620190328826400000013576105320190314000447010533300100000000135760000142000004431829    4                       1         
G0793003000026716    2019032620190328826300000004104105320190404070822035918400100000000041040000142000004441829    4                       1         
G0793003000026716    2019032620190328826500000001304105320190404070028035863800100000000013040000142000004451829    4                       1         
G0793003000026716    2019032620190328826400000004300105320190304070981035853200100000000043000000142000004461829    4                       1         
G0793003000026716    2019032620190328826200000004263105320190404070226035875900100000000042630000142000004471829    4                       1         
G0793003000026716    2019032620190328826400000004454105320190304070096035790300100000000044540000142000004481829    4                       1         
G0793003000026716    2019032620190328826700000004230105320190405000203028089200100000000042300000142000004494481    4                       1         
G0793003000026716    2019032620190328826600000013523105320190405000303028095600100000000135230000142000004504481    4                       1         
G0793003000026716    2019032620190328826700000008460105320190306000525028032700100000000084600000142000004514481    4                       1         
G0793003000026716    2019032620190328826800000004230105320190405000936028143500100000000042300000142000004524481    4                       1         
G0793003000026716    2019032620190328826800000004230105320190306000794028055400100000000042300000142000004534481    4                       1         
G0793003000026716    2019032620190328826900000004190105320190404000476002669200100000000041900000142000004541116    4                       1         
G0793003000026716    2019032620190328826100000004765105320190404000486002669700100000000047650000142000004551116    4                       1         
G0793003000026716    2019032620190328826100000004295105320190404000779002686900100000000042950000142000004561116    4                       1         
G0793003000026716    2019032620190328826100000004284105320190404000095002649700100000000042840000142000004571116    4                       1         
G0793003000026716    2019032620190328826300000004398105320190304000223002611300100000000043980000142000004581116    4                       1         
G0793003000026716    2019032620190328826300000004391105320190304000329002616500100000000043910000142000004591116    4                       1         
G0793003000026716    2019032620190328826400000004948105320190304000266002613300100000000049480000142000004601116    4                       1         
G0793003000026716    2019032620190328826400000004650105320190404000491002670000100000000046500000142000004611116    4                       1         
G0793003000026716    2019032620190328826400000004344105320190304000532002626900100000000043440000142000004621116    4                       1         
G0793003000026716    2019032620190328826500000004362105320190304000195002609200100000000043620000142000004631116    4                       1         
G0793003000026716    2019032620190328826000000004339105320190404000738002684000100000000043390000142000004641116    4                       1         
G0793003000026716    2019032620190328826700000004418105320190404000525002671900100000000044180000142000004651116    4                       1         
G0793003000026716    2019032620190328826000000004190105320190404000496002670300100000000041900000142000004661116    4                       1         
G0793003000026716    2019032620190328826000000004190105320190404000029002646600100000000041900000142000004671116    4                       1         
G0793003000026716    2019032620190328826900000001428105320190404000654002679300100000000014280000142000004681116    4                       1         
G0793003000026716    2019032620190328826900000011155105320190304000431002621200100000000111550000142000004691116    4                       1         
G0793003000026716    2019032620190328826900000004190105320190404000176002654200100000000041900000142000004701116    4                       1         
G0793003000026716    2019032620190328826900000004230105320190405000315045086200100000000042300000142000004711829    4                       1         
G0793003000026716    2019032620190328826200000001310105320190405000196045076300100000000013100000142000004721829    4                       1         
G0793003000026716    2019032620190328826600000004230105320190306000525045044200100000000042300000142000004731829    4                       1         
G0793003000026716    2019032620190328826600000005392105320190405000004045059800100000000053920000142000004741829    4                       1         
G0793003000026716    2019032620190328826800000004230105320190405000564045107400100000000042300000142000004751829    4                       1         
G0793003000026716    2019032620190328826900000004230105320190306000601045050900100000000042300000142000004761829    4                       1         
G0793003000026716    2019032620190328826200000001397105320190221000854014339300100000000013970000142000004773089    4                       1         
G0793003000026716    2019032620190328826100000009427105320190221000427014302700100000000094270000142000004783089    4                       1         
G0793003000026716    2019032620190328826100000005415105320190321000871014423500100000000054150000142000004793089    4                       1         
G0793003000026716    2019032620190328826100000004254105320190321000723014412500100000000042540000142000004803089    4                       1         
G0793003000026716    2019032620190328826400000004213105320190404070427035890300100000000042130000142000004811829    4                       1         
G0793003000026716    2019032620190328826400000004090105320190404070751035913600100000000040900000142000004821829    4                       1         
G0793003000026716    2019032620190328826400000004090105320190404070743035913200100000000040900000142000004831829    4                       1         
G0793003000026716    2019032620190328826100000004241105320190321000350014379400100000000042410000142000004843089    4                       1         
G0793003000026716    2019032620190328826200000004353105320190321000478014391100100000000043530000142000004853089    4                       1         
G0793003000026716    2019032620190328826300000001386105320190321000894014425200100000000013860000142000004863089    4                       1         
G0793003000026716    2019032620190328826400000007922105320190321000232014368500100000000079220000142000004873089    4                       1         
G0793003000026716    2019032620190328826200000004378105320190321000632014404500100000000043780000142000004883089    4                       1         
G0793003000026716    2019032620190328826400000004260105320190321000404014384000100000000042600000142000004893089    4                       1         
G0793003000026716    2019032620190328826100000001361105320190321000962014430700100000000013610000142000004903089    4                       1         
G0793003000026716    2019032620190328826000000008039105320190221000815014336400100000000080390000142000004913089    4                       1         
G0793003000026716    2019032620190328826000000006973105320190221000927014344700100000000069730000142000004923089    4                       1         
G0793003000026716    2019032620190328826000000004349105320190321000709014411400100000000043490000142000004933089    4                       1         
G0793003000026716    2019032620190328826500000004300105320190404070381035886900100000000043000000142000004941829    4                       1         
G0793003000026716    2019032620190328826000000007760105320190304070977035853000100000000077600000142000004951829    4                       1         
G0793003000026716    2019032620190328826700000004170105320190404070776035915100100000000041700000142000004961829    4                       1         
G0793003000026716    2019032620190328826600000004206105320190304070751035836800100000000042060000142000004971829    4                       1         
G0793003000026716    2019032620190328826600000004195105320190304070983035853400100000000041950000142000004981829    4                       1         
G0793003000026716    2019032620190328826600000001390105320190404070366035886200100000000013900000142000004991829    4                       1         
G0793003000026716    2019032620190328826700000001882105320190404070515035896300100000000018820000142000005001829    4                       1         
G0793003000026716    2019032620190328826800000004319105320190304070331035806200100000000043190000142000005011829    4                       1         
G0793003000026716    2019032620190328826900000004090105320190404070762035914200100000000040900000142000005021829    4                       1         
G0793003000026716    2019032620190328826800000001357105320190304070455035815100100000000013570000142000005031829    4                       1         
G0793003000026716    2019032620190328826800000001959105320190304070466035816000100000000019590000142000005041829    4                       1         
G0793003000026716    2019032620190328826900000004090105320190404070396035888000100000000040900000142000005051829    4                       1         
G0793003000026716    2019032620190328826900000001324105320190404070464035892700100000000013240000142000005061829    4                       1         
G0793003000026716    2019032620190328826800000007180105320190304070938035849900100000000071800000142000005071829    4                       1         
G0793003000026716    2019032620190328826800000004298105320190404070685035908800100000000042980000142000005081829    4                       1         
G0793003000026716    2019032620190328826900000004258105320190304071027035856100100000000042580000142000005091829    4                       1         
G0793003000026716    2019032620190328826700000004746105320190406004480006962200100000000047460000142000005103863    4                       1         
G0793003000026716    2019032620190328826400000003156105320190406004370006961300100000000031560000142000005113863    4                       1         
G0793003000026716    2019032620190328826400000003140105320190406005553006973800100000000031400000142000005123863    4                       1         
G0793003000026716    2019032620190328826400000003100105320190406005979006990000100000000031000000142000005133863    4                       1         
G0793003000026716    2019032620190328826400000003100105320190306005870006914200100000000031000000142000005143863    4                       1         
G0793003000026716    2019032620190328826400000003100105320190306005715006911300100000000031000000142000005153863    4                       1         
G0793003000026716    2019032620190328826300000011564105320190306003100006878400100000000115640000142000005163863    4                       1         
G0793003000026716    2019032620190328826200000003252105320190406005613006978300100000000032520000142000005173863    4                       1         
G0793003000026716    2019032620190328826100000004808105320190406004530006962700100000000048080000142000005183863    4                       1         
G0793003000026716    2019032620190328826100000004774105320190406002350006943000100000000047740000142000005193863    4                       1         
G0793003000026716    2019032620190328826300000007720105320190306001230006862100100000000077200000142000005203863    4                       1         
G0793003000026716    2019032620190328826300000004716105320190406003300006951800100000000047160000142000005213863    4                       1         
G0793003000026716    2019032620190328826300000003160105320190406000170006923400100000000031600000142000005223863    4                       1         
G0793003000026716    2019032620190328826300000003136105320190406003380006952600100000000031360000142000005233863    4                       1         
G0793003000026716    2019032620190328826400000006450105320190306000440006854800100000000064500000142000005243863    4                       1         
G0793003000026716    2019032620190328826400000004712105320190406002380006943300100000000047120000142000005253863    4                       1         
G0793003000026716    2019032620190328826200000004716105320190406000460006926100100000000047160000142000005263863    4                       1         
G0793003000026716    2019032620190328826500000004704105320190406002750006946200100000000047040000142000005273863    4                       1         
Z00052900000000002452564                                                                                                                              
