A2201053              HIDROFORTETOCANTINS 104CAIXA ECON. FEDERAL 2019032800158003                                                                     
G0793003000026716    2019032720190328826300000004327105320190221000829014337400100000000043270000142000000013089    2                       1         
G0793003000026716    2019032720190328826200000012726105320190221000321014293200100000000127260000142000000023089    2                       1         
G0793003000026716    2019032720190328826600000013116105320190321000321014376700100000000131160000142000000033089    2                       1         
G0793003000026716    2019032720190328826200000006033105320190221000357014296400100000000060330000142000000043089    2                       1         
G0793003000026716    2019032720190328826100000004504105320190321000357014380000100000000045040000142000000053089    2                       1         
G0793003000026716    2019032720190328826500000004390105320190321000829014420700100000000043900000142000000063089    2                       1         
G0793003000026716    2019032720190328826300000004350105300100000071219082027000000000000043500000142000000071829    3                       1         
G0793003000026716    2019032720190328826800000014107105320190306000620045052200100000000141070000142000000081829    3                       1         
G0793003000026716    2019032720190328826900000004279105320190401001178000952000100000000042790000142000000091141    3                       1         
G0793003000026716    2019032720190328826500000004230105320190329000374040033200100000000042300000142000000101829    3                       1         
G0793003000026716    2019032720190329826000000004230105320190329000662040057500100000000042300000142000000111829    4                       1         
G0793003000026716    2019032720190329826100000004230105320190329000070040006400100000000042300000142000000121829    4                       1         
G0793003000026716    2019032720190329826400000004230105320190329001104040097600100000000042300000142000000131829    4                       1         
G0793003000026716    2019032720190329826100000004230105320190329000060040005500100000000042300000142000000141829    4                       1         
G0793003000026716    2019032720190329826300000004230105320190329000210040018600100000000042300000142000000151829    4                       1         
G0793003000026716    2019032720190329826300000004230105320190329000168040014900100000000042300000142000000161829    4                       1         
G0793003000026716    2019032720190329826400000004230105320190329000266040023400100000000042300000142000000171829    4                       1         
G0793003000026716    2019032720190329826000000004811105320190329000442040038900100000000048110000142000000181829    4                       1         
G0793003000026716    2019032720190329826000000004230105320190329000919040080600100000000042300000142000000191829    4                       1         
G0793003000026716    2019032720190329826900000004230105320190329001266040112600100000000042300000142000000201829    4                       1         
G0793003000026716    2019032720190329826000000004230105320190329000137040012100100000000042300000142000000211829    4                       1         
G0793003000026716    2019032720190329826900000004230105320190329001144040101200100000000042300000142000000221829    4                       1         
G0793003000026716    2019032720190329826900000004230105320190329000929040081500100000000042300000142000000231829    4                       1         
G0793003000026716    2019032720190329826900000004230105320190329000579040050500100000000042300000142000000241829    4                       1         
G0793003000026716    2019032720190329826800000004230105320190329000869040076500100000000042300000142000000251829    4                       1         
G0793003000026716    2019032720190329826100000004230105320190329001212040107600100000000042300000142000000261829    4                       1         
G0793003000026716    2019032720190329826200000004230105320190329000239040021300100000000042300000142000000271829    4                       1         
G0793003000026716    2019032720190329826200000004230105320190329000198040017500100000000042300000142000000281829    4                       1         
G0793003000026716    2019032720190329826200000004230105320190329000195040017200100000000042300000142000000291829    4                       1         
G0793003000026716    2019032720190329826100000007878105320190329000025040002400100000000078780000142000000301829    4                       1         
G0793003000026716    2019032720190329826800000004230105320190329000703040061400100000000042300000142000000311829    4                       1         
G0793003000026716    2019032720190329826700000004230105320190329000954040083900100000000042300000142000000321829    4                       1         
G0793003000026716    2019032720190329826700000004230105320190329000913040080100100000000042300000142000000331829    4                       1         
G0793003000026716    2019032720190329826700000004230105320190329000640040055600100000000042300000142000000341829    4                       1         
G0793003000026716    2019032720190329826700000004230105320190329000448040039400100000000042300000142000000351829    4                       1         
G0793003000026716    2019032720190329826700000004230105320190329000001040000100100000000042300000142000000361829    4                       1         
G0793003000026716    2019032720190329826600000004230105320190329000939040082500100000000042300000142000000371829    4                       1         
G0793003000026716    2019032720190329826600000004230105320190329000882040077700100000000042300000142000000381829    4                       1         
G0793003000026716    2019032720190329826100000004230105320190329001050040093200100000000042300000142000000391829    4                       1         
G0793003000026716    2019032720190329826100000004230105320190329000522040045700100000000042300000142000000401829    4                       1         
G0793003000026716    2019032720190329826400000004230105320190329000002040000200100000000042300000142000000411829    4                       1         
G0793003000026716    2019032720190329826300000005392105320190329000717040062800100000000053920000142000000421829    4                       1         
G0793003000026716    2019032720190329826700000011741105320190329001153040102000100000000117410000142000000431829    4                       1         
G0793003000026716    2019032720190329826700000009364105320190329000925040081200100000000093640000142000000441829    4                       1         
G0793003000026716    2019032720190329826100000004811105320190329000304040026900100000000048110000142000000451829    4                       1         
G0793003000026716    2019032720190329826400000004811105320190329000316040028000100000000048110000142000000461829    4                       1         
G0793003000026716    2019032720190329826400000004230105320190329001211040107500100000000042300000142000000471829    4                       1         
G0793003000026716    2019032720190329826300000004230105320190329000164040014600100000000042300000142000000481829    4                       1         
G0793003000026716    2019032720190329826200000004811105320190329000418040036900100000000048110000142000000491829    4                       1         
G0793003000026716    2019032720190329826000000004230105320190329000672040058400100000000042300000142000000501829    4                       1         
G0793003000026716    2019032720190329826100000004230105320190329000088040007800100000000042300000142000000511829    4                       1         
G0793003000026716    2019032720190329826100000004230105320190329000081040007200100000000042300000142000000521829    4                       1         
G0793003000026716    2019032720190329826300000004811105320190329000670040058200100000000048110000142000000531829    4                       1         
G0793003000026716    2019032720190329826300000004230105320190329001118040098800100000000042300000142000000541829    4                       1         
G0793003000026716    2019032720190329826300000004230105320190329000607040053000100000000042300000142000000551829    4                       1         
G0793003000026716    2019032720190329826800000004230105320190329000193040017000100000000042300000142000000561829    4                       1         
G0793003000026716    2019032720190329826600000004230105320190329000602040052600100000000042300000142000000571829    4                       1         
G0793003000026716    2019032720190329826600000004230105320190329000434040038300100000000042300000142000000581829    4                       1         
G0793003000026716    2019032720190329826600000004230105320190329000135040011900100000000042300000142000000591829    4                       1         
G0793003000026716    2019032720190329826500000004230105320190329000778040068200100000000042300000142000000601829    4                       1         
G0793003000026716    2019032720190329826500000004230105320190329000467040041100100000000042300000142000000611829    4                       1         
G0793003000026716    2019032720190329826500000004230105320190329000377040033500100000000042300000142000000621829    4                       1         
G0793003000026716    2019032720190329826500000004230105320190329000245040021700100000000042300000142000000631829    4                       1         
G0793003000026716    2019032720190329826400000004811105320190329000624040054200100000000048110000142000000641829    4                       1         
G0793003000026716    2019032720190329826100000003750105300100000061224002551300000000000037500000142000000653738    4                       1         
G0793003000026716    2019032720190329826600000006424105300100000071560082059000000000000064240000142000000663939    4                       1         
G0793003000026716    2019032720190329826800000004289105300100000070794081987300000000000042890000142000000673939    4                       1         
G0793003000026716    2019032720190329826600000005760105300100000070919081825900000000000057600000142000000683939    4                       1         
G0793003000026716    2019032720190329826300000004230105300100000071332081865700000000000042300000142000000693939    4                       1         
G0793003000026716    2019032720190329826900000001340105300100000070455081954800000000000013400000142000000703939    4                       1         
G0793003000026716    2019032720190329826400000001322105300100000070935082000300000000000013220000142000000713939    4                       1         
G0793003000026716    2019032720190329826600000007703105300100000071197082025100000000000077030000142000000723939    4                       1         
G0793003000026716    2019032720190329826800000004161105300100000070623081970700000000000041610000142000000733939    4                       1         
G0793003000026716    2019032720190329826300000004176105300100000070813081989100000000000041760000142000000743939    4                       1         
G0793003000026716    2019032720190329826300000004167105300100000071912082092600000000000041670000142000000753939    4                       1         
G0793003000026716    2019032720190329826300000001397105300100000070656081973900000000000013970000142000000763939    4                       1         
G0793003000026716    2019032720190329826300000001382105300100000071305082035600000000000013820000142000000773939    4                       1         
G0793003000026716    2019032720190329826900000001330105300100000070966082003000000000000013300000142000000783939    4                       1         
G0793003000026716    2019032720190329826700000004156105300100000071066082012600000000000041560000142000000793939    4                       1         
G0793003000026716    2019032720190329826400000004200105300100000071671082069500000000000042000000142000000803939    4                       1         
G0793003000026716    2019032720190329826400000004181105300100000070207081934200000000000041810000142000000813939    4                       1         
G0793003000026716    2019032720190329826700000004155105300100000071380082042800000000000041550000142000000823939    4                       1         
G0793003000026716    2019032720190329826400000004268105300100000070668081975100000000000042680000142000000833939    4                       1         
G0793003000026716    2019032720190329826400000004137105300100000071583082061200000000000041370000142000000843939    4                       1         
G0793003000026716    2019032720190329826400000001328105300100000070878081994900000000000013280000142000000853939    4                       1         
G0793003000026716    2019032720190329826300000001322105300100000071240082029100000000000013220000142000000863939    4                       1         
G0793003000026716    2019032720190329826300000001322105300100000070878081822200000000000013220000142000000873939    4                       1         
G0793003000026716    2019032720190329826300000001321105300100000070357081772700000000000013210000142000000883939    4                       1         
G0793003000026716    2019032720190329826300000001308105300100000070495081958500000000000013080000142000000893939    4                       1         
G0793003000026716    2019032720190329826200000006966105300100000071935082094600000000000069660000142000000903939    4                       1         
G0793003000026716    2019032720190329826200000006433105300100000070277081765300000000000064330000142000000913939    4                       1         
G0793003000026716    2019032720190329826800000005862105300100000071100082015900000000000058620000142000000923939    4                       1         
G0793003000026716    2019032720190329826800000005457105300100000070758081983800000000000054570000142000000933939    4                       1         
G0793003000026716    2019032720190329826800000005398105300100000071063081839600000000000053980000142000000943939    4                       1         
G0793003000026716    2019032720190329826700000004130105300100000071824082084000000000000041300000142000000953939    4                       1         
G0793003000026716    2019032720190329826700000004130105300100000071527082056200000000000041300000142000000963939    4                       1         
G0793003000026716    2019032720190329826700000001322105300100000071695082071700000000000013220000142000000973939    4                       1         
G0793003000026716    2019032720190329826400000004180105300100000071865082087900000000000041800000142000000983939    4                       1         
G0793003000026716    2019032720190329826400000004161105300100000071626082065400000000000041610000142000000993939    4                       1         
G0793003000026716    2019032720190329826700000004130105300100000071354082040500000000000041300000142000001003939    4                       1         
G0793003000026716    2019032720190329826800000004130105300100000071906082092000000000000041300000142000001013939    4                       1         
G0793003000026716    2019032720190329826700000004130105300100000071351082040200000000000041300000142000001023939    4                       1         
G0793003000026716    2019032720190329826300000006084105300100000071782081907100000000000060840000142000001033939    4                       1         
G0793003000026716    2019032720190329826900000007650105300100000070854081756700000000000076500000142000001043939    4                       1         
G0793003000026716    2019032720190329826900000005256105300100000070594081967800000000000052560000142000001053939    4                       1         
G0793003000026716    2019032720190329826700000003707105300100000071320082037100000000000037070000142000001063939    4                       1         
G0793003000026716    2019032720190329826700000003476105300100000070522081788100000000000034760000142000001073939    4                       1         
G0793003000026716    2019032720190329826800000004130105300100000070496081958600000000000041300000142000001083939    4                       1         
G0793003000026716    2019032720190329826700000001280105300100000070458081782300000000000012800000142000001093939    4                       1         
G0793003000026716    2019032720190329826800000004144105300100000071803082082000000000000041440000142000001103939    4                       1         
G0793003000026716    2019032720190329826800000004132105300100000070844081991900000000000041320000142000001113939    4                       1         
G0793003000026716    2019032720190329826900000004304105300100000070328081770100000000000043040000142000001123939    4                       1         
G0793003000026716    2019032720190329826800000006580105300100000070761081811400000000000065800000142000001131829    4                       1         
G0793003000026716    2019032720190329826900000004214105300100000070931082000000000000000042140000142000001143939    4                       1         
G0793003000026716    2019032720190329826900000004168105300100000071567082059700000000000041680000142000001153939    4                       1         
G0793003000026716    2019032720190329826900000004168105300100000070603081968700000000000041680000142000001163939    4                       1         
G0793003000026716    2019032720190329826300000004363105300100000071907082092100000000000043630000142000001173939    4                       1         
G0793003000026716    2019032720190329826300000004336105300100000071828081911600000000000043360000142000001183939    4                       1         
G0793003000026716    2019032720190329826600000004130105300100000071951082096100000000000041300000142000001193939    4                       1         
G0793003000026716    2019032720190329826600000004130105300100000071533082056800000000000041300000142000001203939    4                       1         
G0793003000026716    2019032720190329826600000004100105300100000072007082100200000000000041000000142000001213939    4                       1         
G0793003000026716    2019032720190329826100000006624105300100000070566081965200000000000066240000142000001223939    4                       1         
G0793003000026716    2019032720190329826100000005313105300100000070178081760900000000000053130000142000001233939    4                       1         
G0793003000026716    2019032720190329826100000004683105300100000070271081937400000000000046830000142000001243939    4                       1         
G0793003000026716    2019032720190329826100000004267105300100000071493082053400000000000042670000142000001253939    4                       1         
G0793003000026716    2019032720190329826100000004246105300100000070523081788200000000000042460000142000001263939    4                       1         
G0793003000026716    2019032720190329826100000004180105300100000070298081940000000000000041800000142000001273939    4                       1         
G0793003000026716    2019032720190329826100000004166105300100000071622082065000000000000041660000142000001283939    4                       1         
G0793003000026716    2019032720190329826100000004141105300100000070585081966900000000000041410000142000001293939    4                       1         
G0793003000026716    2019032720190329826100000004130105300100000070517081960500000000000041300000142000001303939    4                       1         
G0793003000026716    2019032720190329826100000004120105300100000070560081964700000000000041200000142000001313939    4                       1         
G0793003000026716    2019032720190329826800000001322105300100000070922081999100000000000013220000142000001323939    4                       1         
G0793003000026716    2019032720190329826800000001298105300100000070522081961000000000000012980000142000001333939    4                       1         
G0793003000026716    2019032720190329826700000010896105300100000071630081892900000000000108960000142000001343939    4                       1         
G0793003000026716    2019032720190329826700000009237105300100000071289082034000000000000092370000142000001353939    4                       1         
G0793003000026716    2019032720190329826700000006970105300100000071645082067300000000000069700000142000001363939    4                       1         
G0793003000026716    2019032720190329826600000003087105300100000070746081809900000000000030870000142000001373939    4                       1         
G0793003000026716    2019032720190329826600000001322105300100000070907081997700000000000013220000142000001383939    4                       1         
G0793003000026716    2019032720190329826500000016902105300100000070863081820800000000000169020000142000001393939    4                       1         
G0793003000026716    2019032720190329826500000007650105300100000070854081929500000000000076500000142000001403939    4                       1         
G0793003000026716    2019032720190329826500000004277105300100000070929081999800000000000042770000142000001413939    4                       1         
G0793003000026716    2019032720190329826500000004136105300100000071737082075600000000000041360000142000001423939    4                       1         
G0793003000026716    2019032720190329826500000001319105300100000070251081935400000000000013190000142000001433939    4                       1         
G0793003000026716    2019032720190329826500000001314105300100000071813082083000000000000013140000142000001443939    4                       1         
G0793003000026716    2019032720190329826200000004713105300100000071152082020900000000000047130000142000001453939    4                       1         
G0793003000026716    2019032720190329826200000004249105300100000070626081798200000000000042490000142000001463939    4                       1         
G0793003000026716    2019032720190329826200000004244105300100000071565081886600000000000042440000142000001473939    4                       1         
G0793003000026716    2019032720190329826200000004209105300100000071171082022700000000000042090000142000001483939    4                       1         
G0793003000026716    2019032720190329826200000004158105300100000071880082089400000000000041580000142000001493939    4                       1         
G0793003000026716    2019032720190329826200000004154105300100000071257082030800000000000041540000142000001503939    4                       1         
G0793003000026716    2019032720190329826200000004130105300100000071534081884000000000000041300000142000001513939    4                       1         
G0793003000026716    2019032720190329826200000004130105300100000071385082043300000000000041300000142000001523939    4                       1         
G0793003000026716    2019032720190329826200000004130105300100000070354081945300000000000041300000142000001533939    4                       1         
G0793003000026716    2019032720190329826200000004130105300100000070064081931600000000000041300000142000001543939    4                       1         
G0793003000026716    2019032720190329826700000005344105300100000070298081767200000000000053440000142000001553939    4                       1         
G0793003000026716    2019032720190329826200000001298105300100000071618082064600000000000012980000142000001563939    4                       1         
G0793003000026716    2019032720190329826100000009489105300100000071002082006500000000000094890000142000001573939    4                       1         
G0793003000026716    2019032720190329826700000004193105300100000071479082052000000000000041930000142000001583939    4                       1         
G0793003000026716    2019032720190329826000000004155105300100000071602082063000000000000041550000142000001593939    4                       1         
G0793003000026716    2019032720190329826000000004130105300100000071345082039600000000000041300000142000001603939    4                       1         
G0793003000026716    2019032720190329826000000004130105300100000071336082038700000000000041300000142000001613939    4                       1         
G0793003000026716    2019032720190329826000000003596105300100000070259081936200000000000035960000142000001623939    4                       1         
G0793003000026716    2019032720190329826300000004395105320190401000732000918900100000000043950000142000001631141    4                       1         
G0793003000026716    2019032720190329826300000005400105320190306000672045056200100000000054000000142000001641829    4                       1         
G0793003000026716    2019032720190329826600000004230105320190306000091045007600100000000042300000142000001651829    4                       1         
G0793003000026716    2019032720190329826600000004230105320190306000064045005400100000000042300000142000001661829    4                       1         
G0793003000026716    2019032720190329826700000008460105320190306000472045039700100000000084600000142000001671829    4                       1         
G0793003000026716    2019032720190329826000000004322105320190405000570045107800100000000043220000142000001681829    4                       1         
G0793003000026716    2019032720190329826000000004315105320190405000073045065400100000000043150000142000001691829    4                       1         
G0793003000026716    2019032720190329826500000004230105320190306000618045052100100000000042300000142000001701829    4                       1         
G0793003000026716    2019032720190329826800000007928105320190401000553000905200100000000079280000142000001711141    4                       1         
G0793003000026716    2019032720190329826800000007167105320190401000247000880700100000000071670000142000001721141    4                       1         
G0793003000026716    2019032720190329826500000004230105320190306000456045038300100000000042300000142000001731829    4                       1         
G0793003000026716    2019032720190329826200000001325105320190321000508014393700100000000013250000142000001743089    4                       1         
G0793003000026716    2019032720190329826100000004244105320190321000167014362800100000000042440000142000001753089    4                       1         
G0793003000026716    2019032720190329826400000007223105320190221000195014281800100000000072230000142000001763089    4                       1         
G0793003000026716    2019032720190329826400000006895105320190221000921014344100100000000068950000142000001773089    4                       1         
G0793003000026716    2019032720190329826400000004411105320190301002064000845500100000000044110000142000001781141    4                       1         
G0793003000026716    2019032720190329826400000004389105320190301001121000781400100000000043890000142000001791141    4                       1         
G0793003000026716    2019032720190329826400000004299105320190301000081000703100100000000042990000142000001801141    4                       1         
G0793003000026716    2019032720190329826400000004295105320190301000991000772500100000000042950000142000001811141    4                       1         
G0793003000026716    2019032720190329826400000004290105320190401002198001021900100000000042900000142000001821141    4                       1         
G0793003000026716    2019032720190329826400000004290105320190401001275000958300100000000042900000142000001831141    4                       1         
G0793003000026716    2019032720190329826400000004290105320190401000780000922900100000000042900000142000001841141    4                       1         
G0793003000026716    2019032720190329826400000004290105320190401000325000887200100000000042900000142000001851141    4                       1         
G0793003000026716    2019032720190329826400000004290105320190401000091000869400100000000042900000142000001861141    4                       1         
G0793003000026716    2019032720190329826800000005581105320190401000513000901900100000000055810000142000001871141    4                       1         
G0793003000026716    2019032720190329826800000004506105320190401000376000891100100000000045060000142000001881141    4                       1         
G0793003000026716    2019032720190329826800000004406105320190401000991000938600100000000044060000142000001891141    4                       1         
G0793003000026716    2019032720190329826800000004400105320190301001142000783100100000000044000000142000001901141    4                       1         
G0793003000026716    2019032720190329826800000004290105320190401001944001003300100000000042900000142000001911141    4                       1         
G0793003000026716    2019032720190329826800000004279105320190301001175000785400100000000042790000142000001921141    4                       1         
G0793003000026716    2019032720190329826800000004200105320190301001103000780200100000000042000000142000001931141    4                       1         
G0793003000026716    2019032720190329826600000008722105320190301000462000732100100000000087220000142000001941141    4                       1         
G0793003000026716    2019032720190329826400000006776105320190221000154014278200100000000067760000142000001953089    4                       1         
G0793003000026716    2019032720190329826200000004261105320190314001245010585300100000000042610000142000001961829    4                       1         
G0793003000026716    2019032720190329826700000004393105320190314001263010586400100000000043930000142000001971829    4                       1         
G0793003000026716    2019032720190329826900000003981105320190304060697002715500100000000039810000142000001983738    4                       1         
G0793003000026716    2019032720190329826400000005637105320190221000616014319400100000000056370000142000001993089    4                       1         
G0793003000026716    2019032720190329826400000004500105320190321000154014361900100000000045000000142000002003089    4                       1         
G0793003000026716    2019032720190329826900000003938105320190404060192002778400100000000039380000142000002013738    4                       1         
G0793003000026716    2019032720190329826900000003888105320190404061091002855200100000000038880000142000002023738    4                       1         
G0793003000026716    2019032720190329826400000004441105320190221000069014270300100000000044410000142000002033089    4                       1         
G0793003000026716    2019032720190329826400000001341105320190321000821014420000100000000013410000142000002043089    4                       1         
G0793003000026716    2019032720190329826600000006554105320190321000148014361300100000000065540000142000002053089    4                       1         
G0793003000026716    2019032720190329826300000009392105320190321000636014404800100000000093920000142000002063089    4                       1         
G0793003000026716    2019032720190329826300000006238105320190221000339014294700100000000062380000142000002073089    4                       1         
G0793003000026716    2019032720190329826200000005641105320190321000616014403000100000000056410000142000002083089    4                       1         
G0793003000026716    2019032720190329826900000008967105320190221000622014319900100000000089670000142000002093089    4                       1         
G0793003000026716    2019032720190329826900000004868105320190221000914014343700100000000048680000142000002103089    4                       1         
G0793003000026716    2019032720190329826900000004405105320190221000831014337600100000000044050000142000002113089    4                       1         
G0793003000026716    2019032720190329826900000003888105320190404060375002793400100000000038880000142000002123738    4                       1         
G0793003000026716    2019032720190329826300000004469105320190221000576014316300100000000044690000142000002133089    4                       1         
G0793003000026716    2019032720190329826300000004315105320190221000316014292700100000000043150000142000002143089    4                       1         
G0793003000026716    2019032720190329826600000004367105320190321000831014420900100000000043670000142000002153089    4                       1         
G0793003000026716    2019032720190329826600000004260105320190321000622014403500100000000042600000142000002163089    4                       1         
G0793003000026716    2019032720190329826100000008796105320190221000005014264300100000000087960000142000002173089    4                       1         
G0793003000026716    2019032720190329826100000005633105320190221000056014269100100000000056330000142000002183089    4                       1         
G0793003000026716    2019032720190329826100000004458105320190221000467014306700100000000044580000142000002193089    4                       1         
G0793003000026716    2019032720190329826700000009652105320190221000711014328000100000000096520000142000002203089    4                       1         
G0793003000026716    2019032720190329826600000001410105320190221000110014274100100000000014100000142000002213089    4                       1         
G0793003000026716    2019032720190329826100000001431105320190221000822014336800100000000014310000142000002223089    4                       1         
G0793003000026716    2019032720190329826000000010327105320190321000320014376600100000000103270000142000002233089    4                       1         
G0793003000026716    2019032720190329826000000008109105320190221000320014293100100000000081090000142000002243089    4                       1         
G0793003000026716    2019032720190329826000000007242105320190221000176014280100100000000072420000142000002253089    4                       1         
G0793003000026716    2019032720190329826000000006840105320190221000167014279200100000000068400000142000002263089    4                       1         
G0793003000026716    2019032720190329826000000004377105320190321000176014363700100000000043770000142000002273089    4                       1         
G0793003000026716    2019032720190329826500000004541105320190321000576014399700100000000045410000142000002283089    4                       1         
G0793003000026716    2019032720190329826500000003858105320190221000508014310200100000000038580000142000002293089    4                       1         
G0793003000026716    2019032720190329826500000001371105320190321000110014357900100000000013710000142000002303089    4                       1         
G0793003000026716    2019032720190329826800000009148105320190404060430002798000100000000091480000142000002313738    4                       1         
G0793003000026716    2019032720190329826000000003150105320190406001590006936400100000000031500000142000002323863    4                       1         
G0793003000026716    2019032720190329826200000012150105320190306001665006866100100000000121500000142000002333863    4                       1         
G0793003000026716    2019032720190329826500000005061105320190306000385006854300100000000050610000142000002343863    4                       1         
G0793003000026716    2019032720190329826200000004774105320190406003530006953800100000000047740000142000002353863    4                       1         
G0793003000026716    2019032720190329826300000004886105320190306001045006860300100000000048860000142000002363863    4                       1         
G0793003000026716    2019032720190329826900000003700105320190406005865006985600100000000037000000142000002373863    4                       1         
G0793003000026716    2019032720190329826700000006361105320190306004420006890200100000000063610000142000002383863    4                       1         
G0793003000026716    2019032720190329826500000006100105320190406006004006991400100000000061000000142000002393863    4                       1         
G0793003000026716    2019032720190329826100000006501105320190406002210006941800100000000065010000142000002403863    4                       1         
G0793003000026716    2019032720190329826600000003240105320190406002310006942600100000000032400000142000002413863    4                       1         
G0793003000026716    2019032720190329826600000004090105320190404070552035899000100000000040900000142000002421829    4                       1         
G0793003000026716    2019032720190329826700000005345105320190306003270006880100100000000053450000142000002433863    4                       1         
G0793003000026716    2019032720190329826700000004951105320190306000720006857500100000000049510000142000002443863    4                       1         
G0793003000026716    2019032720190329826300000004744105320190406002340006942900100000000047440000142000002453863    4                       1         
G0793003000026716    2019032720190329826600000004742105320190406001500006935700100000000047420000142000002463863    4                       1         
G0793003000026716    2019032720190329826400000004402105320190404061032002850500100000000044020000142000002473738    4                       1         
G0793003000026716    2019032720190329826700000003941105320190304060982002740700100000000039410000142000002483738    4                       1         
G0793003000026716    2019032720190329826400000004892105320190306002190006870300100000000048920000142000002493863    4                       1         
G0793003000026716    2019032720190329826100000003139105320190406002860006947500100000000031390000142000002503863    4                       1         
G0793003000026716    2019032720190329826000000006755105320190306005632006908300100000000067550000142000002513863    4                       1         
G0793003000026716    2019032720190329826100000008350105320181203070675035601200100000000083500000142000002521829    4                       1         
G0793003000026716    2019032720190329826600000001420105320190304070802035840300100000000014200000142000002531829    4                       1         
G0793003000026716    2019032720190329826100000005236105320190404070692035909300100000000052360000142000002541829    4                       1         
G0793003000026716    2019032720190329826100000004166105320190404070584035901100100000000041660000142000002551829    4                       1         
G0793003000026716    2019032720190329826100000004123105320190404070921035925400100000000041230000142000002561829    4                       1         
G0793003000026716    2019032720190329826600000001373105320190404070550035898800100000000013730000142000002571829    4                       1         
G0793003000026716    2019032720190329826000000006680105320190404070080035867300100000000066800000142000002581829    4                       1         
G0793003000026716    2019032720190329826000000010365105320190404071044035934100100000000103650000142000002591829    4                       1         
G0793003000026716    2019032720190329826700000004636105320190404070747035913400100000000046360000142000002601829    4                       1         
G0793003000026716    2019032720190329826000000004098105320190404070881035922500100000000040980000142000002611829    4                       1         
G0793003000026716    2019032720190329826100000010654105320190406002980006948700100000000106540000142000002620793    4                       1         
G0793003000026716    2019032720190329826000000008460105320190329000413040036500100000000084600000142000002631829    4                       1         
G0793003000026716    2019032720190329826600000006554105320190329000820040071900100000000065540000142000002641829    4                       1         
G0793003000026716    2019032720190329826400000004830105320190406003180006950600100000000048300000142000002653863    4                       1         
G0793003000026716    2019032720190329826400000003214105320190406001850006939000100000000032140000142000002663863    4                       1         
G0793003000026716    2019032720190329826300000003122105320190406005593006976900100000000031220000142000002673863    4                       1         
G0793003000026716    2019032720190329826100000003162105320190406005534006972400100000000031620000142000002683863    4                       1         
G0793003000026716    2019032720190329826100000003150105320190406001700006937600100000000031500000142000002693863    4                       1         
G0793003000026716    2019032720190329826300000003100105320190406005770006984000100000000031000000142000002703863    4                       1         
G0793003000026716    2019032720190329826600000003100105320190406005964006988900100000000031000000142000002713863    4                       1         
G0793003000026716    2019032720190329826600000003100105320190406005654006981500100000000031000000142000002723863    4                       1         
G0793003000026716    2019032720190329826700000003838105320190404060736002823900100000000038380000142000002733738    4                       1         
G0793003000026716    2019032720190329826500000003838105320190404060558002808700100000000038380000142000002743738    4                       1         
G0793003000026716    2019032720190329826700000003838105320190404060676002818400100000000038380000142000002753738    4                       1         
G0793003000026716    2019032720190329826700000003838105320190404060546002807900100000000038380000142000002763738    4                       1         
G0793003000026716    2019032720190329826700000003838105320190404060511002805100100000000038380000142000002773738    4                       1         
G0793003000026716    2019032720190329826700000003838105320190404060330002789500100000000038380000142000002783738    4                       1         
G0793003000026716    2019032720190329826700000003838105320190404060183002777600100000000038380000142000002793738    4                       1         
G0793003000026716    2019032720190329826700000003800105320190404060084002775900100000000038000000142000002803738    4                       1         
G0793003000026716    2019032720190329826700000003798105320190404060336002790000100000000037980000142000002813738    4                       1         
G0793003000026716    2019032720190329826800000004061105320190304060630002709500100000000040610000142000002823738    4                       1         
G0793003000026716    2019032720190329826700000001138105320190404060629002814500100000000011380000142000002833738    4                       1         
G0793003000026716    2019032720190329826700000001110105320190404060737002824000100000000011100000142000002843738    4                       1         
G0793003000026716    2019032720190329826700000001110105320190404060704002821100100000000011100000142000002853738    4                       1         
G0793003000026716    2019032720190329826300000003100105320190406005595006977100100000000031000000142000002863863    4                       1         
G0793003000026716    2019032720190329826400000008811105320190306002210006870500100000000088110000142000002873863    4                       1         
G0793003000026716    2019032720190329826700000001110105320190404060208002779700100000000011100000142000002883738    4                       1         
G0793003000026716    2019032720190329826500000004290105320190401001505000973400100000000042900000142000002891141    4                       1         
G0793003000026716    2019032720190329826400000003942105320190304060831002727800100000000039420000142000002903738    4                       1         
G0793003000026716    2019032720190329826500000004290105320190401000566000906400100000000042900000142000002911141    4                       1         
G0793003000026716    2019032720190329826500000004290105320190401000088000869100100000000042900000142000002921141    4                       1         
G0793003000026716    2019032720190329826500000004283105320190401000064000867500100000000042830000142000002931141    4                       1         
G0793003000026716    2019032720190329826400000003876105320190304060691002715000100000000038760000142000002943738    4                       1         
G0793003000026716    2019032720190329826400000003876105320190304060589002705800100000000038760000142000002953738    4                       1         
G0793003000026716    2019032720190329826400000003838105320190404060356002791900100000000038380000142000002963738    4                       1         
G0793003000026716    2019032720190329826400000003838105320190404060331002789600100000000038380000142000002973738    4                       1         
G0793003000026716    2019032720190329826400000003809105320190404061046002851700100000000038090000142000002983738    4                       1         
G0793003000026716    2019032720190329826400000001110105320190404060806002830500100000000011100000142000002993738    4                       1         
G0793003000026716    2019032720190329826300000006602105320190304060405002690500100000000066020000142000003003738    4                       1         
G0793003000026716    2019032720190329826300000003975105320190304060727002718300100000000039750000142000003013738    4                       1         
G0793003000026716    2019032720190329826300000003888105320190404061009002848500100000000038880000142000003023738    4                       1         
G0793003000026716    2019032720190329826500000004271105320190401000550000905000100000000042710000142000003031141    4                       1         
G0793003000026716    2019032720190329826700000006100105320190301002225000857000100000000061000000142000003041141    4                       1         
G0793003000026716    2019032720190329826200000004454105320190301001664000817500100000000044540000142000003051141    4                       1         
G0793003000026716    2019032720190329826200000004290105320190401001191000952700100000000042900000142000003061141    4                       1         
G0793003000026716    2019032720190329826200000004266105320190301001113000780900100000000042660000142000003071141    4                       1         
G0793003000026716    2019032720190329826700000005415105320190401000975000937500100000000054150000142000003081141    4                       1         
G0793003000026716    2019032720190329826300000003838105320190404060377002793600100000000038380000142000003093738    4                       1         
G0793003000026716    2019032720190329826300000003819105320190404061116002857600100000000038190000142000003103738    4                       1         
G0793003000026716    2019032720190329826300000003808105320190404060399002795500100000000038080000142000003113738    4                       1         
G0793003000026716    2019032720190329826300000001210105320190404060610002812900100000000012100000142000003123738    4                       1         
G0793003000026716    2019032720190329826300000004507105320190304060758002721400100000000045070000142000003133738    4                       1         
G0793003000026716    2019032720190329826600000004338105320190404060347002791100100000000043380000142000003143738    4                       1         
G0793003000026716    2019032720190329826600000003879105320190404060346002791000100000000038790000142000003153738    4                       1         
G0793003000026716    2019032720190329826600000003838105320190404060242002782300100000000038380000142000003163738    4                       1         
G0793003000026716    2019032720190329826600000003750105320190304060250002772100100000000037500000142000003173738    4                       1         
G0793003000026716    2019032720190329826700000004871105320190401001002000939200100000000048710000142000003181141    4                       1         
G0793003000026716    2019032720190329826800000003200105320190406005576006975500100000000032000000142000003190793    4                       1         
G0793003000026716    2019032720190329826500000004230105320190225000499024048300100000000042300000142000003201737    4                       1         
G0793003000026716    2019032720190329826400000004230105320190325000535024118800100000000042300000142000003211737    4                       1         
G0793003000026716    2019032720190329826800000004230105320190225000524024050800100000000042300000142000003221737    4                       1         
G0793003000026716    2019032720190329826300000004230105320190325000120024083000100000000042300000142000003231737    4                       1         
G0793003000026716    2019032720190329826200000006058105320190325000537024119000100000000060580000142000003241737    4                       1         
G0793003000026716    2019032720190329826900000004230105320190325000260024095000100000000042300000142000003251737    4                       1         
G0793003000026716    2019032720190329826100000004230105320190225000260024025200100000000042300000142000003261737    4                       1         
G0793003000026716    2019032720190329826700000011741105320190325000121024083100100000000117410000142000003271737    4                       1         
G0793003000026716    2019032720190329826500000014414105320190225000225024021700100000000144140000142000003281737    4                       1         
G0793003000026716    2019032720190329826700000004395105320190301001638000816100100000000043950000142000003291141    4                       1         
G0793003000026716    2019032720190329826700000004375105320190401000320000886700100000000043750000142000003301141    4                       1         
G0793003000026716    2019032720190329826700000004290105320190401000255000881500100000000042900000142000003311141    4                       1         
G0793003000026716    2019032720190329826700000004278105320190401000263000882300100000000042780000142000003321141    4                       1         
G0793003000026716    2019032720190329826200000004454105320190314001609010608300100000000044540000142000003331829    4                       1         
G0793003000026716    2019032720190329826600000005740105320190314000748010554500100000000057400000142000003341829    4                       1         
G0793003000026716    2019032720190329826400000010438105320190314000642010546400100000000104380000142000003351829    4                       1         
G0793003000026716    2019032720190329826800000007332105320190314000219010518200100000000073320000142000003361829    4                       1         
G0793003000026716    2019032720190329826400000010345105320190314001227010584200100000000103450000142000003371829    4                       1         
G0793003000026716    2019032720190329826300000008488105320190304071001035854600100000000084880000142000003381829    4                       1         
G0793003000026716    2019032720190329826900000004750105320190214001245010465600100000000047500000142000003391829    4                       1         
G0793003000026716    2019032720190329826200000004811105320190306000643028042000100000000048110000142000003404481    4                       1         
G0793003000026716    2019032720190329826200000004230105320190405000905028141300100000000042300000142000003414481    4                       1         
G0793003000026716    2019032720190329826700000004333105320190405000968028145800100000000043330000142000003424481    4                       1         
G0793003000026716    2019032720190329826700000004230105320190405000813028134500100000000042300000142000003434481    4                       1         
G0793003000026716    2019032720190329826700000004230105320190405000050028080800100000000042300000142000003444481    4                       1         
G0793003000026716    2019032720190329826700000004230105320190306000815028057100100000000042300000142000003454481    4                       1         
G0793003000026716    2019032720190329826100000010850105320190405000298028095200100000000108500000142000003464481    4                       1         
G0793003000026716    2019032720190329826000000004230105320190306000747028050900100000000042300000142000003474481    4                       1         
G0793003000026716    2019032720190329826500000004230105320190225000098024009400100000000042300000142000003481116    4                       1         
G0793003000026716    2019032720190329826400000005340105320190404000113002650700100000000053400000142000003491116    4                       1         
G0793003000026716    2019032720190329826400000004989105320190304000221002611100100000000049890000142000003501116    4                       1         
G0793003000026716    2019032720190329826400000004303105320190404000310002661500100000000043030000142000003511116    4                       1         
G0793003000026716    2019032720190329826700000004190105320190404000094002649600100000000041900000142000003521116    4                       1         
G0793003000026716    2019032720190329826700000004190105320190404000021002646200100000000041900000142000003531116    4                       1         
G0793003000026716    2019032720190329826700000002479105320190404000536002672700100000000024790000142000003541116    4                       1         
G0793003000026716    2019032720190329826200000008668105320190304000667002634800100000000086680000142000003551116    4                       1         
G0793003000026716    2019032720190329826200000007065105320190404000045002647700100000000070650000142000003561116    4                       1         
G0793003000026716    2019032720190329826900000004482105320190304000253002612900100000000044820000142000003571116    4                       1         
G0793003000026716    2019032720190329826900000004299105320190404000234002658000100000000042990000142000003581116    4                       1         
G0793003000026716    2019032720190329826900000004286105320190404000220002657100100000000042860000142000003591116    4                       1         
G0793003000026716    2019032720190329826600000004380105320190304000562002628600100000000043800000142000003601116    4                       1         
G0793003000026716    2019032720190329826600000004190105320190404000501002670600100000000041900000142000003611116    4                       1         
G0793003000026716    2019032720190329826100000004380105320190404000168002654100100000000043800000142000003621116    4                       1         
G0793003000026716    2019032720190329826700000011163105320190404000075002648700100000000111630000142000003631116    4                       1         
G0793003000026716    2019032720190329826000000011250105320190404000303002661100100000000112500000142000003641116    4                       1         
G0793003000026716    2019032720190329826000000004368105320190304000577002629800100000000043680000142000003651116    4                       1         
G0793003000026716    2019032720190329826500000004391105320190304000347002617300100000000043910000142000003661116    4                       1         
G0793003000026716    2019032720190329826500000004190105320190404000015002645700100000000041900000142000003671116    4                       1         
G0793003000026716    2019032720190329826700000004230105320190306000498045041900100000000042300000142000003681829    4                       1         
G0793003000026716    2019032720190329826400000004811105320190306000246045021400100000000048110000142000003691829    4                       1         
G0793003000026716    2019032720190329826400000009364105320190306000298045025500100000000093640000142000003701829    4                       1         
G0793003000026716    2019032720190329826300000008621105320190306000595045050500100000000086210000142000003711829    4                       1         
G0793003000026716    2019032720190329826800000004230105320190405000003045059700100000000042300000142000003721829    4                       1         
G0793003000026716    2019032720190329826000000009364105320190306000052045004300100000000093640000142000003731829    4                       1         
G0793003000026716    2019032720190329826100000008621105320190306000049045004100100000000086210000142000003741829    4                       1         
G0793003000026716    2019032720190329826300000004230105320190306000502045042300100000000042300000142000003751829    4                       1         
G0793003000026716    2019032720190329826300000004230105320190306000001045000100100000000042300000142000003761829    4                       1         
G0793003000026716    2019032720190329826900000008621105320190306000385045032100100000000086210000142000003771829    4                       1         
G0793003000026716    2019032720190329826900000007135105320190306000053045004400100000000071350000142000003781829    4                       1         
G0793003000026716    2019032720190329826900000006040105320190306000475045040000100000000060400000142000003791829    4                       1         
G0793003000026716    2019032720190329826300000005510105320190405000559045106900100000000055100000142000003801829    4                       1         
G0793003000026716    2019032720190329826600000004811105320190306000500045042100100000000048110000142000003811829    4                       1         
G0793003000026716    2019032720190329826200000006208105320190314001383010594400100000000062080000142000003821829    4                       1         
G0793003000026716    2019032720190329826200000006026105320190314000233010519200100000000060260000142000003831829    4                       1         
G0793003000026716    2019032720190329826900000004392105320190314000223010518500100000000043920000142000003841829    4                       1         
G0793003000026716    2019032720190329826600000004909105320190404071001035931300100000000049090000142000003851829    4                       1         
G0793003000026716    2019032720190329826300000004292105320190314000710010551300100000000042920000142000003861829    4                       1         
G0793003000026716    2019032720190329826600000004440105320190314001524010603300100000000044400000142000003871829    4                       1         
G0793003000026716    2019032720190329826600000004392105320190314000753010554800100000000043920000142000003881829    4                       1         
G0793003000026716    2019032720190329826300000004282105320190314000577010541600100000000042820000142000003891829    4                       1         
G0793003000026716    2019032720190329826100000004390105320190314001472010600300100000000043900000142000003901829    4                       1         
G0793003000026716    2019032720190329826100000005702105320190314000525010538100100000000057020000142000003911829    4                       1         
G0793003000026716    2019032720190329826500000016129105320190314001459010599200100000000161290000142000003921829    4                       1         
G0793003000026716    2019032720190329826500000007913105320190404070009035862500100000000079130000142000003931829    4                       1         
G0793003000026716    2019032720190329826700000006702105320190314000725010552600100000000067020000142000003941829    4                       1         
G0793003000026716    2019032720190329826000000006700105320190214001389010475100100000000067000000142000003951829    4                       1         
G0793003000026716    2019032720190329826200000003252105320190306004180006888100100000000032520000142000003963863    4                       1         
G0793003000026716    2019032720190329826200000003112105320190406005545006973200100000000031120000142000003973863    4                       1         
G0793003000026716    2019032720190329826100000009398105320190306000120006851900100000000093980000142000003983863    4                       1         
G0793003000026716    2019032720190329826400000004356105320190315000276018142100100000000043560000142000003991141    4                       1         
G0793003000026716    2019032720190329826000000004395105320190314000996010570800100000000043950000142000004001829    4                       1         
G0793003000026716    2019032720190329826500000005608105320190314000015010503500100000000056080000142000004011829    4                       1         
G0793003000026716    2019032720190329826500000004464105320190314001696010613400100000000044640000142000004021829    4                       1         
G0793003000026716    2019032720190329826500000004393105320190314001123010577500100000000043930000142000004031829    4                       1         
G0793003000026716    2019032720190329826400000004331105320190315000419018152800100000000043310000142000004041141    4                       1         
G0793003000026716    2019032720190329826600000009364105320190315000634018171000100000000093640000142000004051141    4                       1         
G0793003000026716    2019032720190329826500000004230105320190315000242018139900100000000042300000142000004061141    4                       1         
G0793003000026716    2019032720190329826000000004353105320190315000358018148200100000000043530000142000004071141    4                       1         
G0793003000026716    2019032720190329826500000006685105320190315000387018150600100000000066850000142000004081141    4                       1         
G0793003000026716    2019032720190329826500000004290105320190314001389010594600100000000042900000142000004091829    4                       1         
G0793003000026716    2019032720190329826500000004271105320190314000505010536400100000000042710000142000004101829    4                       1         
G0793003000026716    2019032720190329826300000004955105320190315000576018165800100000000049550000142000004111141    4                       1         
G0793003000026716    2019032720190329826400000004230105320190329000191040016800100000000042300000142000004121829    4                       1         
G0793003000026716    2019032720190329826500000004230105320190329000030040002800100000000042300000142000004131829    4                       1         
G0793003000026716    2019032720190329826300000004230105320190329000355040031500100000000042300000142000004141829    4                       1         
G0793003000026716    2019032720190329826100000004200105320190314000490010619700100000000042000000142000004151829    4                       1         
G0793003000026716    2019032720190329826700000004230105320190329000994040087800100000000042300000142000004161829    4                       1         
G0793003000026716    2019032720190329826600000021062105320190225070311020302000100000000210620000142000004170793    4                       1         
G0793003000026716    2019032720190329826300000003850105320181206001123095622800100000000038500000142000004184481    4                       1         
G0793003000026716    2019032720190329826100000003850105320181107001123000111800100000000038500000142000004194481    4                       1         
G0793003000026716    2019032720190329826200000003850105320181206000763095586900100000000038500000142000004204481    4                       1         
G0793003000026716    2019032720190329826500000003777105320190404061065002853300100000000037770000142000004213738    4                       1         
G0793003000026716    2019032720190329826100000004200105320190321000011014431200100000000042000000142000004223089    4                       1         
G0793003000026716    2019032720190329826800000004230105320190329000332040029400100000000042300000142000004231829    4                       1         
G0793003000026716    2019032720190329826200000004230105320190329000098040008600100000000042300000142000004241829    4                       1         
G0793003000026716    2019032720190329826100000004230105320190329000254040022300100000000042300000142000004251829    4                       1         
G0793003000026716    2019032720190329826900000004230105320190329000199040017600100000000042300000142000004261829    4                       1         
G0793003000026716    2019032720190329826800000004090105320190404070696035909600100000000040900000142000004272525    4                       1         
G0793003000026716    2019032720190329826700000003251105320190306005160006896900100000000032510000142000004280793    4                       1         
G0793003000026716    2019032720190329826400000010850105320190306000583028037300100000000108500000142000004294481    4                       1         
G0793003000026716    2019032720190329826600000008691105320190401001908001001000100000000086910000142000004301141    4                       1         
G0793003000026716    2019032720190329826300000008084105320190301002195000854900100000000080840000142000004311141    4                       1         
G0793003000026716    2019032720190329826300000004281105320190401001528000975100100000000042810000142000004321141    4                       1         
G0793003000026716    2019032720190329826400000007135105320190306000031028001900100000000071350000142000004334481    4                       1         
G0793003000026716    2019032720190329826400000005973105320190306000504028031000100000000059730000142000004344481    4                       1         
G0793003000026716    2019032720190329826400000004230105320190405001055028152300100000000042300000142000004354481    4                       1         
G0793003000026716    2019032720190329826200000006554105320190306000756028051800100000000065540000142000004364481    4                       1         
G0793003000026716    2019032720190329826400000004230105320190405000705028124800100000000042300000142000004374481    4                       1         
G0793003000026716    2019032720190329826800000005392105320190405000519028109900100000000053920000142000004384481    4                       1         
G0793003000026716    2019032720190329826800000004230105320190405001010028149100100000000042300000142000004394481    4                       1         
G0793003000026716    2019032720190329826800000004230105320190405000729028126600100000000042300000142000004404481    4                       1         
G0793003000026716    2019032720190329826600000005973105320190306000919028064800100000000059730000142000004414481    4                       1         
G0793003000026716    2019032720190329826600000005973105320190306000665028043900100000000059730000142000004424481    4                       1         
G0793003000026716    2019032720190329826300000004230105320190405000804028133800100000000042300000142000004434481    4                       1         
G0793003000026716    2019032720190329826300000004230105320190405000714028125300100000000042300000142000004444481    4                       1         
G0793003000026716    2019032720190329826900000010850105320190405000583028114800100000000108500000142000004454481    4                       1         
G0793003000026716    2019032720190329826900000004230105320190405001058028152400100000000042300000142000004464481    4                       1         
G0793003000026716    2019032720190329826600000004230105320190405000381028099800100000000042300000142000004474481    4                       1         
G0793003000026716    2019032720190329826600000004230105320190306000900028063500100000000042300000142000004484481    4                       1         
G0793003000026716    2019032720190329826100000004811105320190405000274028093700100000000048110000142000004494481    4                       1         
G0793003000026716    2019032720190329826100000004315105320190405000687028123500100000000043150000142000004504481    4                       1         
G0793003000026716    2019032720190329826000000004230105320190306000050028002900100000000042300000142000004514481    4                       1         
G0793003000026716    2019032720190329826200000004230105320190405000133028084900100000000042300000142000004524481    4                       1         
G0793003000026716    2019032720190329826000000004230105320190405000958028145000100000000042300000142000004534481    4                       1         
G0793003000026716    2019032720190329826100000004230105320190405000728028126500100000000042300000142000004544481    4                       1         
G0793003000026716    2019032720190329826100000004230105320190405000488028107200100000000042300000142000004554481    4                       1         
G0793003000026716    2019032720190329826100000004230105320190405000473028106100100000000042300000142000004564481    4                       1         
G0793003000026716    2019032720190329826100000004230105320190405000221028090700100000000042300000142000004574481    4                       1         
G0793003000026716    2019032720190329826100000004230105320190306000392028023000100000000042300000142000004584481    4                       1         
G0793003000026716    2019032720190329826100000004230105320190306000025028001500100000000042300000142000004594481    4                       1         
G0793003000026716    2019032720190329826500000006554105320190306000965028068100100000000065540000142000004604481    4                       1         
G0793003000026716    2019032720190329826500000004230105320190405000745028128200100000000042300000142000004614481    4                       1         
G0793003000026716    2019032720190329826500000004230105320190405000648028120000100000000042300000142000004624481    4                       1         
G0793003000026716    2019032720190329826500000004230105320190306000464028027700100000000042300000142000004634481    4                       1         
G0793003000026716    2019032720190329826300000004273105320190401000863000929200100000000042730000142000004641141    4                       1         
G0793003000026716    2019032720190329826200000008681105320190401001401000966600100000000086810000142000004651141    4                       1         
G0793003000026716    2019032720190329826200000004912105320190401001301000960000100000000049120000142000004661141    4                       1         
G0793003000026716    2019032720190329826900000005464105320190401000641000912100100000000054640000142000004671141    4                       1         
G0793003000026716    2019032720190329826900000004862105320190401001251000956900100000000048620000142000004681141    4                       1         
G0793003000026716    2019032720190329826900000004852105320190401001168000951400100000000048520000142000004691141    4                       1         
G0793003000026716    2019032720190329826900000004290105320190401001158000950500100000000042900000142000004701141    4                       1         
G0793003000026716    2019032720190329826900000004290105320190401001116000947400100000000042900000142000004711141    4                       1         
G0793003000026716    2019032720190329826900000004290105320190401000952000936000100000000042900000142000004721141    4                       1         
G0793003000026716    2019032720190329826900000004290105320190401000723000918000100000000042900000142000004731141    4                       1         
G0793003000026716    2019032720190329826900000004287105320190401001502000973100100000000042870000142000004741141    4                       1         
G0793003000026716    2019032720190329826900000004277105320190301001049000776200100000000042770000142000004751141    4                       1         
G0793003000026716    2019032720190329826900000004257105320190401000070000868000100000000042570000142000004761141    4                       1         
G0793003000026716    2019032720190329826300000004290105320190401002156001018700100000000042900000142000004771141    4                       1         
G0793003000026716    2019032720190329826600000004883105320190401000831000926700100000000048830000142000004781141    4                       1         
G0793003000026716    2019032720190329826600000004525105320190401001317000961300100000000045250000142000004791141    4                       1         
G0793003000026716    2019032720190329826300000004290105320190401001046000942200100000000042900000142000004801141    4                       1         
G0793003000026716    2019032720190329826100000005646105320190301000732000752700100000000056460000142000004811141    4                       1         
G0793003000026716    2019032720190329826100000005395105320190301001211000787700100000000053950000142000004821141    4                       1         
G0793003000026716    2019032720190329826000000005363105320190304060560002703500100000000053630000142000004833738    4                       1         
G0793003000026716    2019032720190329826900000008100105320190204070675035754200100000000081000000142000004841829    4                       1         
G0793003000026716    2019032720190329826300000004234105320190304070179035794000100000000042340000142000004851829    4                       1         
G0793003000026716    2019032720190329826500000003838105320190404060801002830100100000000038380000142000004863738    4                       1         
G0793003000026716    2019032720190329826200000003838105320190404060559002808800100000000038380000142000004873738    4                       1         
G0793003000026716    2019032720190329826200000003976105320190304060522002700600100000000039760000142000004883738    4                       1         
G0793003000026716    2019032720190329826700000004170105320190304070214035796800100000000041700000142000004891829    4                       1         
G0793003000026716    2019032720190329826200000003814105320190404060644002815600100000000038140000142000004903738    4                       1         
G0793003000026716    2019032720190329826600000008200105320190103070675035677100100000000082000000142000004911829    4                       1         
G0793003000026716    2019032720190329826700000004395105320190404070935035926300100000000043950000142000004921829    4                       1         
G0793003000026716    2019032720190329826200000003750105320190304060079002670400100000000037500000142000004933738    4                       1         
G0793003000026716    2019032720190329826000000003838105320190404060817002831400100000000038380000142000004943738    4                       1         
G0793003000026716    2019032720190329826800000007128105320190304070390035810000100000000071280000142000004951829    4                       1         
G0793003000026716    2019032720190329826100000004070105320190304060215002675000100000000040700000142000004963738    4                       1         
G0793003000026716    2019032720190329826000000004829105320190404060959002844000100000000048290000142000004973738    4                       1         
G0793003000026716    2019032720190329826500000004328105320190404060469002801700100000000043280000142000004983738    4                       1         
G0793003000026716    2019032720190329826400000000029105320190404070853035920700100000000000290000142000004991829    4                       1         
G0793003000026716    2019032720190329826500000005473105320190304070397035810500100000000054730000142000005001829    4                       1         
G0793003000026716    2019032720190329826200000003792105320190422061220002866700100000000037920000142000005013738    4                       1         
G0793003000026716    2019032720190329826500000001289105320190404070569035900300100000000012890000142000005021829    4                       1         
G0793003000026716    2019032720190329826000000003750105320190404060804002830400100000000037500000142000005033738    4                       1         
G0793003000026716    2019032720190329826600000004090105320190404070317035883200100000000040900000142000005041829    4                       1         
G0793003000026716    2019032720190329826600000004287105320190404070390035887600100000000042870000142000005051829    4                       1         
G0793003000026716    2019032720190329826400000004268105320190404070294035881500100000000042680000142000005061829    4                       1         
G0793003000026716    2019032720190329826600000004095105320190404070833035919100100000000040950000142000005071829    4                       1         
G0793003000026716    2019032720190329826400000008447105320190404070553035899100100000000084470000142000005081829    4                       1         
G0793003000026716    2019032720190329826800000004165105320190404070291035881200100000000041650000142000005091829    4                       1         
G0793003000026716    2019032720190329826700000002466105320190304070325035805900100000000024660000142000005101829    4                       1         
G0793003000026716    2019032720190329826800000003838105320190404060572002810000100000000038380000142000005113738    4                       1         
G0793003000026716    2019032720190329826800000003838105320190404060566002809500100000000038380000142000005123738    4                       1         
G0793003000026716    2019032720190329826800000003838105320190404060081002775800100000000038380000142000005133738    4                       1         
G0793003000026716    2019032720190329826800000003818105320190404060484002803000100000000038180000142000005143738    4                       1         
G0793003000026716    2019032720190329826700000007727105320190404060478002802500100000000077270000142000005153738    4                       1         
G0793003000026716    2019032720190329826100000003838105320190404061016002849200100000000038380000142000005163738    4                       1         
G0793003000026716    2019032720190329826100000003838105320190404060759002826200100000000038380000142000005173738    4                       1         
G0793003000026716    2019032720190329826100000003838105320190404060341002790500100000000038380000142000005183738    4                       1         
G0793003000026716    2019032720190329826100000003808105320190404060749002825200100000000038080000142000005193738    4                       1         
G0793003000026716    2019032720190329826100000004381105320190301001892000833200100000000043810000142000005201141    4                       1         
G0793003000026716    2019032720190329826100000004290105320190401001790000992600100000000042900000142000005211141    4                       1         
G0793003000026716    2019032720190329826100000004290105320190401000946000935400100000000042900000142000005221141    4                       1         
G0793003000026716    2019032720190329826100000004290105320190401000427000895200100000000042900000142000005231141    4                       1         
G0793003000026716    2019032720190329826000000008480105320190401001339000962900100000000084800000142000005241141    4                       1         
G0793003000026716    2019032720190329826000000006721105320190401000222000878800100000000067210000142000005251141    4                       1         
G0793003000026716    2019032720190329826200000003888105320190404060683002819100100000000038880000142000005263738    4                       1         
G0793003000026716    2019032720190329826200000003842105320190404060769002827200100000000038420000142000005273738    4                       1         
G0793003000026716    2019032720190329826400000004192105320190304070665035829900100000000041920000142000005281829    4                       1         
G0793003000026716    2019032720190329826400000004090105320190404070659035906700100000000040900000142000005291829    4                       1         
G0793003000026716    2019032720190329826000000006680105320190401001824000995200100000000066800000142000005301141    4                       1         
G0793003000026716    2019032720190329826200000004274105320190321000293014374100100000000042740000142000005313089    4                       1         
G0793003000026716    2019032720190329826200000004260105320190321000822014420100100000000042600000142000005323089    4                       1         
G0793003000026716    2019032720190329826200000004260105320190321000417014385300100000000042600000142000005333089    4                       1         
G0793003000026716    2019032720190329826700000004397105320190321000889014424900100000000043970000142000005343089    4                       1         
G0793003000026716    2019032720190329826200000002001105320190321000835014421200100000000020010000142000005353089    4                       1         
G0793003000026716    2019032720190329826100000010896105320190321000896014425400100000000108960000142000005363089    4                       1         
G0793003000026716    2019032720190329826800000004248105320190325070406020334400100000000042480000142000005371829    4                       1         
G0793003000026716    2019032720190329826800000006905105320190325070278020325600100000000069050000142000005381829    4                       1         
G0793003000026716    2019032720190329826800000004365105320190225070406020307900100000000043650000142000005391829    4                       1         
G0793003000026716    2019032720190329826800000004230105320190325070214020321700100000000042300000142000005401829    4                       1         
G0793003000026716    2019032720190329826200000004185105320190325070395020333600100000000041850000142000005411829    4                       1         
G0793003000026716    2019032720190329826500000005758105320190325070169020318800100000000057580000142000005421829    4                       1         
G0793003000026716    2019032720190329826300000004913105320190325070263020324500100000000049130000142000005431829    4                       1         
G0793003000026716    2019032720190329826900000009792105320190325070231020323000100000000097920000142000005441829    4                       1         
G0793003000026716    2019032720190329826300000004110105320190325070333020330000100000000041100000142000005451829    4                       1         
G0793003000026716    2019032720190329826700000010076105320190325070315020329000100000000100760000142000005461829    4                       1         
G0793003000026716    2019032720190329826800000001485105320190325070303020327900100000000014850000142000005471829    4                       1         
G0793003000026716    2019032720190329826500000011757105320190225070315020302400100000000117570000142000005481829    4                       1         
G0793003000026716    2019032720190329826000000004844105320190225070214020295200100000000048440000142000005491829    4                       1         
G0793003000026716    2019032720190329826500000004977105320190225070123020289300100000000049770000142000005501829    4                       1         
G0793003000026716    2019032720190329826000000004190105320190325070209020321400100000000041900000142000005511829    4                       1         
G0793003000026716    2019032720190329826700000004829105320190325070123020316000100000000048290000142000005521829    4                       1         
G0793003000026716    2019032720190329826400000004367105320190315000831022212200100000000043670000142000005533738    4                       1         
G0793003000026716    2019032720190329826400000012153105320190315000582022194400100000000121530000142000005543738    4                       1         
G0793003000026716    2019032720190329826400000004913105320190315000130022155000100000000049130000142000005553738    4                       1         
G0793003000026716    2019032720190329826600000004330105320190315000788022210500100000000043300000142000005563738    4                       1         
G0793003000026716    2019032720190329826300000004230105320190315000365022175900100000000042300000142000005573738    4                       1         
G0793003000026716    2019032720190329826000000006228105320190301001338000796200100000000062280000142000005581141    4                       1         
G0793003000026716    2019032720190329826000000006033105320190401000629000911400100000000060330000142000005591141    4                       1         
G0793003000026716    2019032720190329826000000005399105320190301001991000840600100000000053990000142000005601141    4                       1         
G0793003000026716    2019032720190329826700000006638105320190401000818000925700100000000066380000142000005611141    4                       1         
G0793003000026716    2019032720190329826000000004373105320190401000113000871100100000000043730000142000005621141    4                       1         
G0793003000026716    2019032720190329826000000004371105320190301000531000737600100000000043710000142000005631141    4                       1         
G0793003000026716    2019032720190329826000000004290105320190401001354000963800100000000042900000142000005641141    4                       1         
G0793003000026716    2019032720190329826000000004290105320190401000581000907600100000000042900000142000005651141    4                       1         
G0793003000026716    2019032720190329826000000004290105320190401000561000905900100000000042900000142000005661141    4                       1         
G0793003000026716    2019032720190329826500000006593105320190401000321000886800100000000065930000142000005671141    4                       1         
G0793003000026716    2019032720190329826500000005595105320190301000041000700500100000000055950000142000005681141    4                       1         
G0793003000026716    2019032720190329826500000004361105320190301001495000806400100000000043610000142000005691141    4                       1         
G0793003000026716    2019032720190329826500000004290105320190401001973001006000100000000042900000142000005701141    4                       1         
Z00057200000000002815072                                                                                                                              
