A2201053              HIDROFORTETOCANTINS 104CAIXA ECON. FEDERAL 2019032900158103                                                                     
G0793003000026716    2019032820190329826400000005470105320190321000661014407200100000000054700000142000000013089    3                       1         
G0793003000026716    2019032820190329826000000022944105320190221000661014323600100000000229440000142000000023089    3                       1         
G0793003000026716    2019032820190401826900000005392105320190329000271040023800100000000053920000142000000031829    4                       1         
G0793003000026716    2019032820190401826700000004230105320190329000454040039900100000000042300000142000000041829    4                       1         
G0793003000026716    2019032820190401826900000004230105320190329000032040003000100000000042300000142000000051829    4                       1         
G0793003000026716    2019032820190401826800000004230105320190329001251040111100100000000042300000142000000061829    4                       1         
G0793003000026716    2019032820190401826800000004230105320190329001191040105600100000000042300000142000000071829    4                       1         
G0793003000026716    2019032820190401826800000004230105320190329000417040036800100000000042300000142000000081829    4                       1         
G0793003000026716    2019032820190401826700000010850105320190329000767040067100100000000108500000142000000091829    4                       1         
G0793003000026716    2019032820190401826700000004230105320190329000157040013900100000000042300000142000000101829    4                       1         
G0793003000026716    2019032820190401826700000004230105320190329000129040011300100000000042300000142000000111829    4                       1         
G0793003000026716    2019032820190401826600000005973105320190329000344040030500100000000059730000142000000121829    4                       1         
G0793003000026716    2019032820190401826600000004230105320190329000951040083600100000000042300000142000000131829    4                       1         
G0793003000026716    2019032820190401826600000004230105320190329000557040048700100000000042300000142000000141829    4                       1         
G0793003000026716    2019032820190401826600000004230105320190329000518040045300100000000042300000142000000151829    4                       1         
G0793003000026716    2019032820190401826500000004230105320190329000989040087300100000000042300000142000000161829    4                       1         
G0793003000026716    2019032820190401826500000004230105320190329000524040045900100000000042300000142000000171829    4                       1         
G0793003000026716    2019032820190401826500000004230105320190329000342040030300100000000042300000142000000181829    4                       1         
G0793003000026716    2019032820190401826500000004230105320190329000153040013700100000000042300000142000000191829    4                       1         
G0793003000026716    2019032820190401826300000013523105320190329001195040106000100000000135230000142000000201829    4                       1         
G0793003000026716    2019032820190401826300000005973105320190329000487040042800100000000059730000142000000211829    4                       1         
G0793003000026716    2019032820190401826300000005392105320190329000488040042900100000000053920000142000000221829    4                       1         
G0793003000026716    2019032820190401826300000004811105320190329001042040092500100000000048110000142000000231829    4                       1         
G0793003000026716    2019032820190401826300000004230105320190329000983040086700100000000042300000142000000241829    4                       1         
G0793003000026716    2019032820190401826300000004230105320190329000833040073100100000000042300000142000000251829    4                       1         
G0793003000026716    2019032820190401826300000004230105320190329000720040063000100000000042300000142000000261829    4                       1         
G0793003000026716    2019032820190401826300000004230105320190329000564040049400100000000042300000142000000271829    4                       1         
G0793003000026716    2019032820190401826300000004230105320190329000034040003200100000000042300000142000000281829    4                       1         
G0793003000026716    2019032820190401826200000004230105320190329001125040099400100000000042300000142000000291829    4                       1         
G0793003000026716    2019032820190401826200000004230105320190329001013040089700100000000042300000142000000301829    4                       1         
G0793003000026716    2019032820190401826200000004230105320190329000701040061300100000000042300000142000000311829    4                       1         
G0793003000026716    2019032820190401826200000004230105320190329000636040055200100000000042300000142000000321829    4                       1         
G0793003000026716    2019032820190401826200000004230105320190329000512040044800100000000042300000142000000331829    4                       1         
G0793003000026716    2019032820190401826200000004230105320190329000496040043400100000000042300000142000000341829    4                       1         
G0793003000026716    2019032820190401826200000004230105320190329000375040033300100000000042300000142000000351829    4                       1         
G0793003000026716    2019032820190401826200000004230105320190329000186040016300100000000042300000142000000361829    4                       1         
G0793003000026716    2019032820190401826100000007135105320190329000286040025200100000000071350000142000000371829    4                       1         
G0793003000026716    2019032820190401826100000004811105320190329000048040004300100000000048110000142000000381829    4                       1         
G0793003000026716    2019032820190401826000000004230105320190329000966040085000100000000042300000142000000391829    4                       1         
G0793003000026716    2019032820190401826000000004230105320190329000912040080000100000000042300000142000000401829    4                       1         
G0793003000026716    2019032820190401826000000004230105320190329000821040072000100000000042300000142000000411829    4                       1         
G0793003000026716    2019032820190401826000000004230105320190329000406040035900100000000042300000142000000421829    4                       1         
G0793003000026716    2019032820190401826000000004230105320190329000117040010400100000000042300000142000000431829    4                       1         
G0793003000026716    2019032820190401826900000004811105320190329001019040090300100000000048110000142000000441829    4                       1         
G0793003000026716    2019032820190401826900000004230105320190329001257040111700100000000042300000142000000451829    4                       1         
G0793003000026716    2019032820190401826900000004230105320190329000400040035300100000000042300000142000000461829    4                       1         
G0793003000026716    2019032820190401826200000006450105300100000070496035664800000000000064500000142000000471829    4                       1         
G0793003000026716    2019032820190401826300000004888105300100000070657081801300000000000048880000142000000481829    4                       1         
G0793003000026716    2019032820190401826000000006700105300100000070094020260600000000000067000000142000000490793    4                       1         
G0793003000026716    2019032820190401826800000004130105300100000070366081773600000000000041300000142000000503939    4                       1         
G0793003000026716    2019032820190401826800000004122105300100000071606082063400000000000041220000142000000513939    4                       1         
G0793003000026716    2019032820190401826800000001352105300100000071019082008200000000000013520000142000000523939    4                       1         
G0793003000026716    2019032820190401826800000001313105300100000070462081955500000000000013130000142000000533939    4                       1         
G0793003000026716    2019032820190401826300000004330105300100000071387082043500000000000043300000142000000543939    4                       1         
G0793003000026716    2019032820190401826300000004129105300100000071758081904800000000000041290000142000000553939    4                       1         
G0793003000026716    2019032820190401826100000001349105300100000071054082011400000000000013490000142000000563939    4                       1         
G0793003000026716    2019032820190401826000000004962105300100000070019081757700000000000049620000142000000573939    4                       1         
G0793003000026716    2019032820190401826800000004130105300100000070629081971300000000000041300000142000000583939    4                       1         
G0793003000026716    2019032820190401826800000001300105300100000070392081949000000000000013000000142000000593939    4                       1         
G0793003000026716    2019032820190401826700000005961105300100000071381081870300000000000059610000142000000603939    4                       1         
G0793003000026716    2019032820190401826700000004244105300100000070473081783700000000000042440000142000000613939    4                       1         
G0793003000026716    2019032820190401826900000023130105300100000071126081845700000000000231300000142000000623939    4                       1         
G0793003000026716    2019032820190401826900000004269105300100000071672082069600000000000042690000142000000633939    4                       1         
G0793003000026716    2019032820190401826900000004110105300100000071997082099300000000000041100000142000000643939    4                       1         
G0793003000026716    2019032820190401826900000004144105300100000071837082085300000000000041440000142000000653939    4                       1         
G0793003000026716    2019032820190401826100000004214105300100000071862082087700000000000042140000142000000663939    4                       1         
G0793003000026716    2019032820190401826100000004195105300100000070898081823900000000000041950000142000000673939    4                       1         
G0793003000026716    2019032820190401826100000004144105300100000071203082025600000000000041440000142000000683939    4                       1         
G0793003000026716    2019032820190401826400000001322105300100000071202082025500000000000013220000142000000693939    4                       1         
G0793003000026716    2019032820190401826100000004118105300100000071625082065300000000000041180000142000000703939    4                       1         
G0793003000026716    2019032820190401826900000001351105300100000070308081940900000000000013510000142000000713939    4                       1         
G0793003000026716    2019032820190401826400000001301105300100000071797082081400000000000013010000142000000723939    4                       1         
G0793003000026716    2019032820190401826300000006491105300100000071530082056500000000000064910000142000000733939    4                       1         
G0793003000026716    2019032820190401826900000004130105300100000070757081983700000000000041300000142000000743939    4                       1         
G0793003000026716    2019032820190401826900000001322105300100000071406082045300000000000013220000142000000753939    4                       1         
G0793003000026716    2019032820190401826800000004231105300100000070425081779200000000000042310000142000000763939    4                       1         
G0793003000026716    2019032820190401826400000004161105300100000070444081953800000000000041610000142000000773939    4                       1         
G0793003000026716    2019032820190401826400000004130105300100000070869081994100000000000041300000142000000783939    4                       1         
G0793003000026716    2019032820190401826700000004235105300100000070552081791000000000000042350000142000000793939    4                       1         
G0793003000026716    2019032820190401826500000004255105300100000071415081873600000000000042550000142000000803939    4                       1         
G0793003000026716    2019032820190401826200000001322105300100000070987082005000000000000013220000142000000813939    4                       1         
G0793003000026716    2019032820190401826200000001310105300100000071155081848500000000000013100000142000000823939    4                       1         
G0793003000026716    2019032820190401826100000016209105300100000071568082059800000000000162090000142000000833939    4                       1         
G0793003000026716    2019032820190401826100000012106105300100000070965082002900000000000121060000142000000843939    4                       1         
G0793003000026716    2019032820190401826100000010780105300100000071500081881200000000000107800000142000000853939    4                       1         
G0793003000026716    2019032820190401826100000006024105300100000070691081977200000000000060240000142000000863939    4                       1         
G0793003000026716    2019032820190401826100000005830105300100000071686082070900000000000058300000142000000873939    4                       1         
G0793003000026716    2019032820190401826300000004248105300100000071271082032200000000000042480000142000000883939    4                       1         
G0793003000026716    2019032820190401826300000004245105300100000070957082002300000000000042450000142000000893939    4                       1         
G0793003000026716    2019032820190401826300000004180105300100000071253082030400000000000041800000142000000903939    4                       1         
G0793003000026716    2019032820190401826500000004184105300100000071731082075000000000000041840000142000000913939    4                       1         
G0793003000026716    2019032820190401826500000004147105300100000071607082063500000000000041470000142000000923939    4                       1         
G0793003000026716    2019032820190401826500000004142105300100000071486082052700000000000041420000142000000933939    4                       1         
G0793003000026716    2019032820190401826500000004130105300100000071310082036100000000000041300000142000000943939    4                       1         
G0793003000026716    2019032820190401826500000001868105300100000070403081950000000000000018680000142000000953939    4                       1         
G0793003000026716    2019032820190401826500000001372105300100000070363081946200000000000013720000142000000963939    4                       1         
G0793003000026716    2019032820190401826600000004238105300100000070840081818900000000000042380000142000000973939    4                       1         
G0793003000026716    2019032820190401826700000004230105300100000070650081973300000000000042300000142000000983939    4                       1         
G0793003000026716    2019032820190401826700000004216105300100000070837081991400000000000042160000142000000993939    4                       1         
G0793003000026716    2019032820190401826700000004180105300100000071370082041900000000000041800000142000001003939    4                       1         
G0793003000026716    2019032820190401826700000004163105300100000070481081957100000000000041630000142000001013939    4                       1         
G0793003000026716    2019032820190401826700000004130105300100000071255082030600000000000041300000142000001023939    4                       1         
G0793003000026716    2019032820190401826700000004130105300100000071247082029800000000000041300000142000001033939    4                       1         
G0793003000026716    2019032820190401826700000004130105300100000070779081985900000000000041300000142000001043939    4                       1         
G0793003000026716    2019032820190401826700000001905105300100000070886081822700000000000019050000142000001053939    4                       1         
G0793003000026716    2019032820190401826600000005863105300100000070258081763400000000000058630000142000001063939    4                       1         
G0793003000026716    2019032820190401826600000004180105300100000071319082037000000000000041800000142000001073939    4                       1         
G0793003000026716    2019032820190401826600000004165105300100000070909081997800000000000041650000142000001083939    4                       1         
G0793003000026716    2019032820190401826600000004138105300100000071182082023600000000000041380000142000001093939    4                       1         
G0793003000026716    2019032820190401826600000004122105300100000070632081971600000000000041220000142000001103939    4                       1         
G0793003000026716    2019032820190401826600000001315105300100000070569081965500000000000013150000142000001113939    4                       1         
G0793003000026716    2019032820190401826600000004356105300100000070444081780900000000000043560000142000001123939    4                       1         
G0793003000026716    2019032820190401826500000004829105300100000071324082037500000000000048290000142000001133939    4                       1         
G0793003000026716    2019032820190401826500000001319105300100000070379081774900000000000013190000142000001143939    4                       1         
G0793003000026716    2019032820190401826000000004263105300100000070508081959700000000000042630000142000001153939    4                       1         
G0793003000026716    2019032820190401826000000004180105300100000070335081943600000000000041800000142000001163939    4                       1         
G0793003000026716    2019032820190401826400000004280105300100000071891082090500000000000042800000142000001173939    4                       1         
G0793003000026716    2019032820190401826000000003022105300100000070984082004700000000000030220000142000001183939    4                       1         
G0793003000026716    2019032820190401826000000001372105300100000070648081973100000000000013720000142000001193939    4                       1         
G0793003000026716    2019032820190401826000000001345105300100000070315081768800000000000013450000142000001203939    4                       1         
G0793003000026716    2019032820190401826000000001329105300100000070934082000200000000000013290000142000001213939    4                       1         
G0793003000026716    2019032820190401826000000001295105300100000071961082097100000000000012950000142000001223939    4                       1         
G0793003000026716    2019032820190401826200000001340105300100000071098081843000000000000013400000142000001233939    4                       1         
G0793003000026716    2019032820190401826300000004170105300100000071407082045400000000000041700000142000001243939    4                       1         
G0793003000026716    2019032820190401826300000004167105300100000071815082083100000000000041670000142000001253939    4                       1         
G0793003000026716    2019032820190401826300000004167105300100000070558081964500000000000041670000142000001263939    4                       1         
G0793003000026716    2019032820190401826300000001355105300100000070946081828300000000000013550000142000001273939    4                       1         
G0793003000026716    2019032820190401826300000001336105300100000070956081829300000000000013360000142000001283939    4                       1         
G0793003000026716    2019032820190401826400000004229105300100000071224082027500000000000042290000142000001293939    4                       1         
G0793003000026716    2019032820190401826900000010510105320190301001361000797600100000000105100000142000001301141    4                       1         
G0793003000026716    2019032820190401826700000004403105320190301000336000722100100000000044030000142000001311141    4                       1         
G0793003000026716    2019032820190401826900000008061105320190301002032000843500100000000080610000142000001321141    4                       1         
G0793003000026716    2019032820190401826900000004397105320190401000809000925000100000000043970000142000001331141    4                       1         
G0793003000026716    2019032820190401826900000004304105320190401001894000999800100000000043040000142000001341141    4                       1         
G0793003000026716    2019032820190401826900000004300105320190401001946001003500100000000043000000142000001351141    4                       1         
G0793003000026716    2019032820190401826900000004281105320190401000538000904100100000000042810000142000001361141    4                       1         
G0793003000026716    2019032820190401826900000004279105320190401000053000866800100000000042790000142000001371141    4                       1         
G0793003000026716    2019032820190401826100000004290105320190401000010000863700100000000042900000142000001381141    4                       1         
G0793003000026716    2019032820190401826100000004200105320190301001865000831400100000000042000000142000001391141    4                       1         
G0793003000026716    2019032820190401826100000001502105320190301001948000837200100000000015020000142000001401141    4                       1         
G0793003000026716    2019032820190401826100000001347105320190401001405000967000100000000013470000142000001411141    4                       1         
G0793003000026716    2019032820190401826000000005161105320190301000497000734900100000000051610000142000001421141    4                       1         
G0793003000026716    2019032820190401826300000030476105320190301000840000761200100000000304760000142000001431141    4                       1         
G0793003000026716    2019032820190401826300000005046105320190301001760000824300100000000050460000142000001441141    4                       1         
G0793003000026716    2019032820190401826800000004302105320190401000611000910000100000000043020000142000001451141    4                       1         
G0793003000026716    2019032820190401826800000004290105320190401002161001019100100000000042900000142000001461141    4                       1         
G0793003000026716    2019032820190401826800000004290105320190401001769000991200100000000042900000142000001471141    4                       1         
G0793003000026716    2019032820190401826800000004288105320190401001201000953000100000000042880000142000001481141    4                       1         
G0793003000026716    2019032820190401826300000004504105320190401001833000995900100000000045040000142000001491141    4                       1         
G0793003000026716    2019032820190401826300000004416105320190401000523000902700100000000044160000142000001501141    4                       1         
G0793003000026716    2019032820190401826300000004386105320190401001673000984400100000000043860000142000001511141    4                       1         
G0793003000026716    2019032820190401826300000004290105320190401000989000938500100000000042900000142000001521141    4                       1         
G0793003000026716    2019032820190401826700000005664105320190301001132000782200100000000056640000142000001531141    4                       1         
G0793003000026716    2019032820190401826700000004973105320190301000144000707600100000000049730000142000001541141    4                       1         
G0793003000026716    2019032820190401826700000004426105320190401001203000953100100000000044260000142000001551141    4                       1         
G0793003000026716    2019032820190401826700000004407105320190401000467000898300100000000044070000142000001561141    4                       1         
G0793003000026716    2019032820190401826700000004373105320190401000280000883400100000000043730000142000001571141    4                       1         
G0793003000026716    2019032820190401826700000004230105320190405000006028078300100000000042300000142000001584481    4                       1         
G0793003000026716    2019032820190401826700000004230105320190306000184028010500100000000042300000142000001594481    4                       1         
G0793003000026716    2019032820190401826700000004290105320190401001491000972600100000000042900000142000001601141    4                       1         
G0793003000026716    2019032820190401826500000004290105320190401000862000929100100000000042900000142000001611141    4                       1         
G0793003000026716    2019032820190401826500000004290105320190401000753000920600100000000042900000142000001621141    4                       1         
G0793003000026716    2019032820190401826500000004290105320190401000412000893900100000000042900000142000001631141    4                       1         
G0793003000026716    2019032820190401826500000004290105320190401000377000891200100000000042900000142000001641141    4                       1         
G0793003000026716    2019032820190401826500000004290105320190401000182000875900100000000042900000142000001651141    4                       1         
G0793003000026716    2019032820190401826500000004279105320190401001428000968200100000000042790000142000001661141    4                       1         
G0793003000026716    2019032820190401826500000004278105320190401000766000921600100000000042780000142000001671141    4                       1         
G0793003000026716    2019032820190401826500000004273105320190401002202001022100100000000042730000142000001681141    4                       1         
G0793003000026716    2019032820190401826200000006120105320190401002231001024400100000000061200000142000001691141    4                       1         
G0793003000026716    2019032820190401826600000035274105320190301000159000708700100000000352740000142000001701141    4                       1         
G0793003000026716    2019032820190401826600000007316105320190401000289000884100100000000073160000142000001711141    4                       1         
G0793003000026716    2019032820190401826600000005653105320190301002180000854000100000000056530000142000001721141    4                       1         
G0793003000026716    2019032820190401826500000010850105320190401000237000879900100000000108500000142000001731141    4                       1         
G0793003000026716    2019032820190401826600000005399105320190401000300000885000100000000053990000142000001741141    4                       1         
G0793003000026716    2019032820190401826500000005443105320190401000503000901100100000000054430000142000001751141    4                       1         
G0793003000026716    2019032820190401826600000004300105320190103002050000511100100000000043000000142000001761141    4                       1         
G0793003000026716    2019032820190401826400000013565105320190401000556000905500100000000135650000142000001771141    4                       1         
G0793003000026716    2019032820190401826400000010928105320190301000705000750300100000000109280000142000001781141    4                       1         
G0793003000026716    2019032820190401826400000006760105320190401000083000868700100000000067600000142000001791141    4                       1         
G0793003000026716    2019032820190401826400000004864105320190401000868000929600100000000048640000142000001801141    4                       1         
G0793003000026716    2019032820190401826000000004290105320190401000717000917400100000000042900000142000001811141    4                       1         
G0793003000026716    2019032820190401826000000004287105320190301000523000736800100000000042870000142000001821141    4                       1         
G0793003000026716    2019032820190401826000000004282105320190301000678000748500100000000042820000142000001831141    4                       1         
G0793003000026716    2019032820190401826400000004290105320190401002194001021600100000000042900000142000001841141    4                       1         
G0793003000026716    2019032820190401826400000004290105320190401002181001020900100000000042900000142000001851141    4                       1         
G0793003000026716    2019032820190401826400000004290105320190401001910001001100100000000042900000142000001861141    4                       1         
G0793003000026716    2019032820190401826400000004290105320190401001360000964200100000000042900000142000001871141    4                       1         
G0793003000026716    2019032820190401826400000004290105320190401001214000954200100000000042900000142000001881141    4                       1         
G0793003000026716    2019032820190401826400000004290105320190401000422000894800100000000042900000142000001891141    4                       1         
G0793003000026716    2019032820190401826400000004281105320190401001294000959600100000000042810000142000001901141    4                       1         
G0793003000026716    2019032820190401826400000004278105320190401000395000892400100000000042780000142000001911141    4                       1         
G0793003000026716    2019032820190401826200000001509105320190301001024000774400100000000015090000142000001921141    4                       1         
G0793003000026716    2019032820190401826100000008316105320190401000705000916600100000000083160000142000001931141    4                       1         
G0793003000026716    2019032820190401826100000005724105320190401001991001007200100000000057240000142000001941141    4                       1         
G0793003000026716    2019032820190401826100000004382105320190401000089000869200100000000043820000142000001951141    4                       1         
G0793003000026716    2019032820190401826100000004290105320190401001153000950200100000000042900000142000001961141    4                       1         
G0793003000026716    2019032820190401826200000007068105320190301001006000773500100000000070680000142000001971141    4                       1         
G0793003000026716    2019032820190401826200000006575105320190301001727000821900100000000065750000142000001981141    4                       1         
G0793003000026716    2019032820190401826200000004435105320190301001100000780000100000000044350000142000001991141    4                       1         
G0793003000026716    2019032820190401826700000004230105320190306000061028003400100000000042300000142000002004481    4                       1         
G0793003000026716    2019032820190401826000000004451105320190315000321022172000100000000044510000142000002013738    4                       1         
G0793003000026716    2019032820190401826600000004230105320190405000933028143300100000000042300000142000002024481    4                       1         
G0793003000026716    2019032820190401826300000004328105320190315000591022195200100000000043280000142000002033738    4                       1         
G0793003000026716    2019032820190401826600000004230105320190405000831028135900100000000042300000142000002044481    4                       1         
G0793003000026716    2019032820190401826600000004230105320190405000650028120200100000000042300000142000002054481    4                       1         
G0793003000026716    2019032820190401826800000011741105320190315000285022168800100000000117410000142000002063738    4                       1         
G0793003000026716    2019032820190401826800000004335105320190315000593022195400100000000043350000142000002073738    4                       1         
G0793003000026716    2019032820190401826800000004351105320190315000737022206500100000000043510000142000002083738    4                       1         
G0793003000026716    2019032820190401826800000004332105320190315000732022206000100000000043320000142000002093738    4                       1         
G0793003000026716    2019032820190401826600000004230105320190405000546028112100100000000042300000142000002104481    4                       1         
G0793003000026716    2019032820190401826600000004230105320190405000394028100900100000000042300000142000002114481    4                       1         
G0793003000026716    2019032820190401826300000004335105320190315000539022190700100000000043350000142000002123738    4                       1         
G0793003000026716    2019032820190401826600000015421105320190315000327022172500100000000154210000142000002133738    4                       1         
G0793003000026716    2019032820190401826600000004230105320190405000124028084300100000000042300000142000002144481    4                       1         
G0793003000026716    2019032820190401826600000004230105320190306000610028039600100000000042300000142000002154481    4                       1         
G0793003000026716    2019032820190401826600000004230105320190306000423028025300100000000042300000142000002164481    4                       1         
G0793003000026716    2019032820190401826400000004336105320190315000691022203100100000000043360000142000002173738    4                       1         
G0793003000026716    2019032820190401826600000004333105320190315000199022161000100000000043330000142000002183738    4                       1         
G0793003000026716    2019032820190401826400000004335105320190315000782022210200100000000043350000142000002193738    4                       1         
G0793003000026716    2019032820190401826600000005973105320190405000259028093000100000000059730000142000002204481    4                       1         
G0793003000026716    2019032820190401826800000004230105320190315000646018171800100000000042300000142000002211141    4                       1         
G0793003000026716    2019032820190401826300000006550105320190115000300018024800100000000065500000142000002221141    4                       1         
G0793003000026716    2019032820190401826000000005723105320190315000164018133700100000000057230000142000002231141    4                       1         
G0793003000026716    2019032820190401826600000004230105320190315000239018139600100000000042300000142000002241141    4                       1         
G0793003000026716    2019032820190401826200000004234105320190215000300018085100100000000042340000142000002251141    4                       1         
G0793003000026716    2019032820190401826500000005973105320190315000458018156200100000000059730000142000002261141    4                       1         
G0793003000026716    2019032820190401826500000004811105320190306000810028056800100000000048110000142000002274481    4                       1         
G0793003000026716    2019032820190401826000000004321105320190405000816028134700100000000043210000142000002284481    4                       1         
G0793003000026716    2019032820190401826600000004200105320190315000300018178700100000000042000000142000002291141    4                       1         
G0793003000026716    2019032820190401826900000012632105320190405000590028115400100000000126320000142000002304481    4                       1         
G0793003000026716    2019032820190401826900000004230105320190405000764028130100100000000042300000142000002314481    4                       1         
G0793003000026716    2019032820190401826900000004230105320190405000716028125400100000000042300000142000002324481    4                       1         
G0793003000026716    2019032820190401826900000004230105320190405000578028114400100000000042300000142000002334481    4                       1         
G0793003000026716    2019032820190401826900000004230105320190405000134028085000100000000042300000142000002344481    4                       1         
G0793003000026716    2019032820190401826900000004230105320190405000017028079000100000000042300000142000002354481    4                       1         
G0793003000026716    2019032820190401826900000004230105320190306000835028058700100000000042300000142000002364481    4                       1         
G0793003000026716    2019032820190401826900000004230105320190306000634028041400100000000042300000142000002374481    4                       1         
G0793003000026716    2019032820190401826100000004230105320190405000444028104000100000000042300000142000002384481    4                       1         
G0793003000026716    2019032820190401826100000004230105320190405000225028091000100000000042300000142000002394481    4                       1         
G0793003000026716    2019032820190401826000000010850105320190405000950028144700100000000108500000142000002404481    4                       1         
G0793003000026716    2019032820190401826000000008460105320190306000282028016700100000000084600000142000002414481    4                       1         
G0793003000026716    2019032820190401826300000007279105320190405000509028109000100000000072790000142000002424481    4                       1         
G0793003000026716    2019032820190401826800000010850105320190405001086028154900100000000108500000142000002434481    4                       1         
G0793003000026716    2019032820190401826800000009364105320190405000867028138400100000000093640000142000002444481    4                       1         
G0793003000026716    2019032820190401826800000005392105320190405000343028098200100000000053920000142000002454481    4                       1         
G0793003000026716    2019032820190401826800000004811105320190306000774028053500100000000048110000142000002464481    4                       1         
G0793003000026716    2019032820190401826800000004323105320190405000655028120700100000000043230000142000002474481    4                       1         
G0793003000026716    2019032820190401826800000004322105320190405000434028103700100000000043220000142000002484481    4                       1         
G0793003000026716    2019032820190401826800000004230105320190405000744028128100100000000042300000142000002494481    4                       1         
G0793003000026716    2019032820190401826300000004811105320190405000453028104600100000000048110000142000002504481    4                       1         
G0793003000026716    2019032820190401826000000004316105320190405000454028104700100000000043160000142000002514481    4                       1         
G0793003000026716    2019032820190401826300000004438105320190405000730028126700100000000044380000142000002524481    4                       1         
G0793003000026716    2019032820190401826400000004230105320190405000447028104200100000000042300000142000002534481    4                       1         
G0793003000026716    2019032820190401826000000004230105320190405000929028142900100000000042300000142000002544481    4                       1         
G0793003000026716    2019032820190401826400000004321105320190405000733028127000100000000043210000142000002554481    4                       1         
G0793003000026716    2019032820190401826400000004316105320190405000570028113900100000000043160000142000002564481    4                       1         
G0793003000026716    2019032820190401826400000004230105320190405001051028152000100000000042300000142000002574481    4                       1         
G0793003000026716    2019032820190401826400000004230105320190405000923028142500100000000042300000142000002584481    4                       1         
G0793003000026716    2019032820190401826400000004230105320190405000869028138600100000000042300000142000002594481    4                       1         
G0793003000026716    2019032820190401826200000004230105320190405000990028147300100000000042300000142000002604481    4                       1         
G0793003000026716    2019032820190401826200000004230105320190405000524028110200100000000042300000142000002614481    4                       1         
G0793003000026716    2019032820190401826200000004230105320190405000089028082700100000000042300000142000002624481    4                       1         
G0793003000026716    2019032820190401826200000004230105320190306000856028060100100000000042300000142000002634481    4                       1         
G0793003000026716    2019032820190401826100000008621105320190306000343028020500100000000086210000142000002644481    4                       1         
G0793003000026716    2019032820190401826400000004230105320190405000772028130800100000000042300000142000002654481    4                       1         
G0793003000026716    2019032820190401826400000004230105320190405000754028129100100000000042300000142000002664481    4                       1         
G0793003000026716    2019032820190401826400000004230105320190405000629028118400100000000042300000142000002674481    4                       1         
G0793003000026716    2019032820190401826400000004230105320190405000472028106000100000000042300000142000002684481    4                       1         
G0793003000026716    2019032820190401826300000004230105320190405001028028150600100000000042300000142000002694481    4                       1         
G0793003000026716    2019032820190401826300000004230105320190405000832028136000100000000042300000142000002704481    4                       1         
G0793003000026716    2019032820190401826300000004230105320190405000684028123200100000000042300000142000002714481    4                       1         
G0793003000026716    2019032820190401826300000004230105320190405000229028091200100000000042300000142000002724481    4                       1         
G0793003000026716    2019032820190401826300000004230105320190405000073028081600100000000042300000142000002734481    4                       1         
G0793003000026716    2019032820190401826200000020465105320190306000906028064000100000000204650000142000002744481    4                       1         
G0793003000026716    2019032820190401826400000004230105320190405000120028084100100000000042300000142000002754481    4                       1         
G0793003000026716    2019032820190401826200000005973105320190306001083028077200100000000059730000142000002764481    4                       1         
G0793003000026716    2019032820190401826400000004230105320190306000402028023700100000000042300000142000002774481    4                       1         
G0793003000026716    2019032820190401826400000004190105320190404000520002671500100000000041900000142000002781116    4                       1         
G0793003000026716    2019032820190401826900000004190105320190404000013002645600100000000041900000142000002791116    4                       1         
G0793003000026716    2019032820190401826400000004150105320190304000174002644600100000000041500000142000002801116    4                       1         
G0793003000026716    2019032820190401826300000004321105320190405000341028098000100000000043210000142000002814481    4                       1         
G0793003000026716    2019032820190401826800000004230105320190405000738028127500100000000042300000142000002824481    4                       1         
G0793003000026716    2019032820190401826800000004230105320190405000591028115500100000000042300000142000002834481    4                       1         
G0793003000026716    2019032820190401826800000004230105320190405000477028106500100000000042300000142000002844481    4                       1         
G0793003000026716    2019032820190401826800000004230105320190405000001028078000100000000042300000142000002854481    4                       1         
G0793003000026716    2019032820190401826500000004321105320190405000256028092800100000000043210000142000002864481    4                       1         
G0793003000026716    2019032820190401826800000004230105320190306000998028070600100000000042300000142000002874481    4                       1         
G0793003000026716    2019032820190401826500000004230105320190405000088028082600100000000042300000142000002884481    4                       1         
G0793003000026716    2019032820190401826500000004230105320190306000992028070100100000000042300000142000002894481    4                       1         
G0793003000026716    2019032820190401826500000004230105320190306000848028059600100000000042300000142000002904481    4                       1         
G0793003000026716    2019032820190401826700000004230105320190405000242028092100100000000042300000142000002914481    4                       1         
G0793003000026716    2019032820190401826700000004230105320190405000106028083400100000000042300000142000002924481    4                       1         
G0793003000026716    2019032820190401826300000004277105320190404000412002665800100000000042770000142000002931116    4                       1         
G0793003000026716    2019032820190401826500000004383105320190304000403002619700100000000043830000142000002941116    4                       1         
G0793003000026716    2019032820190401826900000004347105320190321000142014360800100000000043470000142000002953089    4                       1         
G0793003000026716    2019032820190401826800000004230105320190329000979040086300100000000042300000142000002961829    4                       1         
G0793003000026716    2019032820190401826900000004230105320190329000096040008400100000000042300000142000002971829    4                       1         
G0793003000026716    2019032820190401826700000004230105320190329000596040052000100000000042300000142000002981829    4                       1         
G0793003000026716    2019032820190401826100000010850105320190329000707040061800100000000108500000142000002991829    4                       1         
G0793003000026716    2019032820190401826200000005973105320190329000330040029200100000000059730000142000003001829    4                       1         
G0793003000026716    2019032820190401826900000006110105320190315000734018178100100000000061100000142000003011141    4                       1         
G0793003000026716    2019032820190401826300000003272105320190306004990006895400100000000032720000142000003020793    4                       1         
G0793003000026716    2019032820190401826900000004762105320190306004710006892900100000000047620000142000003030793    4                       1         
G0793003000026716    2019032820190401826700000004190105320190404000497002670400100000000041900000142000003041116    4                       1         
G0793003000026716    2019032820190401826100000012632105320190325000428024109400100000000126320000142000003051737    4                       1         
G0793003000026716    2019032820190401826900000010713105320190325000756024137200100000000107130000142000003061737    4                       1         
G0793003000026716    2019032820190401826800000010107105320190225000233024022500100000000101070000142000003071737    4                       1         
G0793003000026716    2019032820190401826800000004230105320190325000151024085700100000000042300000142000003081737    4                       1         
G0793003000026716    2019032820190401826500000004316105320190325000334024101700100000000043160000142000003091737    4                       1         
G0793003000026716    2019032820190401826700000004230105320190225000134024012800100000000042300000142000003101737    4                       1         
G0793003000026716    2019032820190401826400000005797105320190325000754024137000100000000057970000142000003111737    4                       1         
G0793003000026716    2019032820190401826000000004230105320190325000521024117400100000000042300000142000003121737    4                       1         
G0793003000026716    2019032820190401826000000004230105320190325000407024107900100000000042300000142000003131737    4                       1         
G0793003000026716    2019032820190401826400000004326105320190325000191024089100100000000043260000142000003141737    4                       1         
G0793003000026716    2019032820190401826200000004316105320190325000612024125600100000000043160000142000003151737    4                       1         
G0793003000026716    2019032820190401826600000004190105320190404000144002652400100000000041900000142000003161116    4                       1         
G0793003000026716    2019032820190401826200000004691105320190404070699035909900100000000046910000142000003171829    4                       1         
G0793003000026716    2019032820190401826800000004000105320190406005963006988800100000000040000000142000003183863    4                       1         
G0793003000026716    2019032820190401826500000003372105320190306005441006899600100000000033720000142000003193863    4                       1         
G0793003000026716    2019032820190401826400000004222105320190404070894035923000100000000042220000142000003201829    4                       1         
G0793003000026716    2019032820190401826200000004776105320190406000130006923100100000000047760000142000003213863    4                       1         
G0793003000026716    2019032820190401826200000003264105320190306000990006859500100000000032640000142000003223863    4                       1         
G0793003000026716    2019032820190401826400000004205105320190404070989035930400100000000042050000142000003231829    4                       1         
G0793003000026716    2019032820190401826100000003100105320190406005926006986600100000000031000000142000003243863    4                       1         
G0793003000026716    2019032820190401826100000003100105320190406005643006980500100000000031000000142000003253863    4                       1         
G0793003000026716    2019032820190401826100000004230105320190315000268018141400100000000042300000142000003261141    4                       1         
G0793003000026716    2019032820190401826900000004439105320190315000080018127600100000000044390000142000003271141    4                       1         
G0793003000026716    2019032820190401826900000006669105320190315000509018160000100000000066690000142000003281141    4                       1         
G0793003000026716    2019032820190401826700000004230105320190315000570018165300100000000042300000142000003291141    4                       1         
G0793003000026716    2019032820190401826400000004781105320190406002660006945500100000000047810000142000003303863    4                       1         
G0793003000026716    2019032820190401826000000003256105320190306003130006878700100000000032560000142000003313863    4                       1         
G0793003000026716    2019032820190401826000000009801105320190306003260006880000100000000098010000142000003323863    4                       1         
G0793003000026716    2019032820190401826000000004806105320190306000041006851600100000000048060000142000003333863    4                       1         
G0793003000026716    2019032820190401826600000005605105320190406004690006964300100000000056050000142000003343863    4                       1         
G0793003000026716    2019032820190401826200000004152105320190225070094020287600100000000041520000142000003350793    4                       1         
G0793003000026716    2019032820190401826300000003100105320190406005740006983400100000000031000000142000003363863    4                       1         
G0793003000026716    2019032820190401826400000004230105320190315000598018167700100000000042300000142000003371141    4                       1         
G0793003000026716    2019032820190401826700000004230105320190306001031028073400100000000042300000142000003381116    4                       1         
G0793003000026716    2019032820190401826200000003100105320190406003660006955200100000000031000000142000003393863    4                       1         
G0793003000026716    2019032820190401826100000004731105320190406002550006944900100000000047310000142000003403863    4                       1         
G0793003000026716    2019032820190401826600000004230105320190329000771040067500100000000042300000142000003411829    4                       1         
G0793003000026716    2019032820190401826400000003144105320190406001520006935900100000000031440000142000003423863    4                       1         
G0793003000026716    2019032820190401826300000004840105320190406004465006962100100000000048400000142000003433863    4                       1         
G0793003000026716    2019032820190401826900000004766105320190406002450006944000100000000047660000142000003443863    4                       1         
G0793003000026716    2019032820190401826800000004950105320190306003770006884500100000000049500000142000003453863    4                       1         
G0793003000026716    2019032820190401826600000003174105320190406003120006950000100000000031740000142000003463863    4                       1         
G0793003000026716    2019032820190401826600000003139105320190406000330006924900100000000031390000142000003473863    4                       1         
G0793003000026716    2019032820190401826800000004850105320190406003780006956100100000000048500000142000003483863    4                       1         
G0793003000026716    2019032820190401826800000004838105320190406001360006934400100000000048380000142000003493863    4                       1         
G0793003000026716    2019032820190401826500000003262105320190406003130006950100100000000032620000142000003503863    4                       1         
G0793003000026716    2019032820190401826500000003172105320190406002070006940400100000000031720000142000003513863    4                       1         
G0793003000026716    2019032820190401826700000003100105320190406005780006984200100000000031000000142000003523863    4                       1         
G0793003000026716    2019032820190401826600000003419105320190406000990006930600100000000034190000142000003533863    4                       1         
G0793003000026716    2019032820190401826800000004803105320190306000870006858800100000000048030000142000003543863    4                       1         
G0793003000026716    2019032820190401826400000009569105320190306004105006887400100000000095690000142000003553863    4                       1         
G0793003000026716    2019032820190401826200000004190105320190404000392002664800100000000041900000142000003561116    4                       1         
G0793003000026716    2019032820190401826100000005565105320190404000751002685100100000000055650000142000003571116    4                       1         
G0793003000026716    2019032820190401826300000004190105320190404000474002669100100000000041900000142000003581116    4                       1         
G0793003000026716    2019032820190401826200000004315105320190404000104002650100100000000043150000142000003591116    4                       1         
G0793003000026716    2019032820190401826600000004230105320190306000480045040500100000000042300000142000003601829    4                       1         
G0793003000026716    2019032820190401826800000008460105320190306000160045013500100000000084600000142000003611829    4                       1         
G0793003000026716    2019032820190401826000000008460105320190306000104045008700100000000084600000142000003621829    4                       1         
G0793003000026716    2019032820190401826100000004230105320190405000554045106400100000000042300000142000003631829    4                       1         
G0793003000026716    2019032820190401826900000004230105320190306000631045053000100000000042300000142000003641829    4                       1         
G0793003000026716    2019032820190401826100000004230105320190306000516045043500100000000042300000142000003651829    4                       1         
G0793003000026716    2019032820190401826800000008882105320190405000204045077100100000000088820000142000003661829    4                       1         
G0793003000026716    2019032820190401826800000004330105320190405000536045104700100000000043300000142000003671829    4                       1         
G0793003000026716    2019032820190401826300000004811105320190306000186045015900100000000048110000142000003681829    4                       1         
G0793003000026716    2019032820190401826700000004230105320190405000375045090800100000000042300000142000003691829    4                       1         
G0793003000026716    2019032820190401826200000003240105320190306005555006902600100000000032400000142000003703863    4                       1         
G0793003000026716    2019032820190401826600000004230105320190405000430045095300100000000042300000142000003711829    4                       1         
G0793003000026716    2019032820190401826300000004230105320190405000425045094800100000000042300000142000003721829    4                       1         
G0793003000026716    2019032820190401826400000004315105320190405000636045112800100000000043150000142000003731829    4                       1         
G0793003000026716    2019032820190401826400000010850105320190306000670045056000100000000108500000142000003741829    4                       1         
G0793003000026716    2019032820190401826200000004230105320190306000700045058400100000000042300000142000003751829    4                       1         
G0793003000026716    2019032820190401826200000004230105320190405000314045086100100000000042300000142000003761829    4                       1         
G0793003000026716    2019032820190401826300000004230105320190306000092045007700100000000042300000142000003771829    4                       1         
G0793003000026716    2019032820190401826900000004318105320190221000030014266600100000000043180000142000003783089    4                       1         
G0793003000026716    2019032820190401826100000004260105320190321000030014350700100000000042600000142000003793089    4                       1         
G0793003000026716    2019032820190401826500000004819105320190321000099014356900100000000048190000142000003803089    4                       1         
G0793003000026716    2019032820190401826000000004450105320190221000819014336600100000000044500000142000003813089    4                       1         
G0793003000026716    2019032820190401826000000004370105320190321000819014419900100000000043700000142000003823089    4                       1         
G0793003000026716    2019032820190401826800000005634105320190321000056014353000100000000056340000142000003833089    4                       1         
G0793003000026716    2019032820190401826800000004426105320190321000386014382500100000000044260000142000003843089    4                       1         
G0793003000026716    2019032820190401826300000001511105320190225070332020303300100000000015110000142000003851829    4                       1         
G0793003000026716    2019032820190401826400000001322105320190325070090020314100100000000013220000142000003861829    4                       1         
G0793003000026716    2019032820190401826900000005264105320190325070122020315900100000000052640000142000003871829    4                       1         
G0793003000026716    2019032820190401826700000004174105320190325070000020309400100000000041740000142000003881829    4                       1         
G0793003000026716    2019032820190401826800000004092105320190325070405020334300100000000040920000142000003891829    4                       1         
G0793003000026716    2019032820190401826700000004774105320190325070151020317900100000000047740000142000003901829    4                       1         
G0793003000026716    2019032820190401826500000004128105320190325070294020327000100000000041280000142000003911829    4                       1         
G0793003000026716    2019032820190401826300000001335105320190325070332020329900100000000013350000142000003921829    4                       1         
G0793003000026716    2019032820190401826400000003750105320190204060398002585700100000000037500000142000003933738    4                       1         
G0793003000026716    2019032820190401826400000004290105320190412000216010636300100000000042900000142000003941829    4                       1         
G0793003000026716    2019032820190401826100000003838105320190404060985002846300100000000038380000142000003953738    4                       1         
G0793003000026716    2019032820190401826500000003838105320190404060783002828400100000000038380000142000003963738    4                       1         
G0793003000026716    2019032820190401826100000003838105320190404060661002817100100000000038380000142000003973738    4                       1         
G0793003000026716    2019032820190401826500000002160105320190404060861002835200100000000021600000142000003983738    4                       1         
G0793003000026716    2019032820190401826700000003882105320190304060217002675100100000000038820000142000003993738    4                       1         
G0793003000026716    2019032820190401826100000003838105320190404060409002796200100000000038380000142000004003738    4                       1         
G0793003000026716    2019032820190401826500000003882105320190304060502002699000100000000038820000142000004013738    4                       1         
G0793003000026716    2019032820190401826100000003829105320190404060499002804300100000000038290000142000004023738    4                       1         
G0793003000026716    2019032820190401826100000003812105320190404060979002845700100000000038120000142000004033738    4                       1         
G0793003000026716    2019032820190401826100000003835105320190404060298002787100100000000038350000142000004043738    4                       1         
G0793003000026716    2019032820190401826100000001180105320190404060761002826400100000000011800000142000004053738    4                       1         
G0793003000026716    2019032820190401826000000005709105320190304060951002738000100000000057090000142000004063738    4                       1         
G0793003000026716    2019032820190401826400000003860105320190304060390002689200100000000038600000142000004073738    4                       1         
G0793003000026716    2019032820190401826400000003838105320190404060793002829300100000000038380000142000004083738    4                       1         
G0793003000026716    2019032820190401826400000003818105320190404060600002812100100000000038180000142000004093738    4                       1         
G0793003000026716    2019032820190401826800000005050105320190304060077002670300100000000050500000142000004103738    4                       1         
G0793003000026716    2019032820190401826400000001674105320190404060627002814300100000000016740000142000004113738    4                       1         
G0793003000026716    2019032820190401826400000001124105320190404060647002815800100000000011240000142000004123738    4                       1         
G0793003000026716    2019032820190401826300000006888105320190404060013002773900100000000068880000142000004133738    4                       1         
G0793003000026716    2019032820190401826900000003951105320190304060840002728400100000000039510000142000004143738    4                       1         
G0793003000026716    2019032820190401826900000003938105320190404060445002799400100000000039380000142000004153738    4                       1         
G0793003000026716    2019032820190401826900000003884105320190404060954002843500100000000038840000142000004163738    4                       1         
G0793003000026716    2019032820190401826900000003838105320190404060479002802600100000000038380000142000004173738    4                       1         
G0793003000026716    2019032820190401826800000004350105320190304060741002719700100000000043500000142000004183738    4                       1         
G0793003000026716    2019032820190401826800000003868105320190304061206002760300100000000038680000142000004193738    4                       1         
G0793003000026716    2019032820190401826200000004323105320190404060462002801000100000000043230000142000004203738    4                       1         
G0793003000026716    2019032820190401826100000004438105320190404060345002790900100000000044380000142000004213738    4                       1         
G0793003000026716    2019032820190401826800000003838105320190404060274002785100100000000038380000142000004223738    4                       1         
G0793003000026716    2019032820190401826800000003838105320190404060257002783700100000000038380000142000004233738    4                       1         
G0793003000026716    2019032820190401826800000003800105320190104060398002479500100000000038000000142000004243738    4                       1         
G0793003000026716    2019032820190401826500000003838105320190404060912002839900100000000038380000142000004253738    4                       1         
G0793003000026716    2019032820190401826500000003838105320190404060275002785200100000000038380000142000004263738    4                       1         
G0793003000026716    2019032820190401826500000003838105320190404060220002780700100000000038380000142000004273738    4                       1         
G0793003000026716    2019032820190401826500000003818105320190404060312002788000100000000038180000142000004283738    4                       1         
G0793003000026716    2019032820190401826100000004488105320190314000473010534500100000000044880000142000004291829    4                       1         
G0793003000026716    2019032820190401826100000004414105320190314000441010533000100000000044140000142000004301829    4                       1         
G0793003000026716    2019032820190401826100000004403105320190314001072010574800100000000044030000142000004311829    4                       1         
G0793003000026716    2019032820190401826100000004290105320190412000647010664600100000000042900000142000004321829    4                       1         
G0793003000026716    2019032820190401826200000004283105320190314000136010512100100000000042830000142000004331829    4                       1         
G0793003000026716    2019032820190401826200000004230105320190315000830022212100100000000042300000142000004343738    4                       1         
G0793003000026716    2019032820190401826900000004329105320190315000439022181900100000000043290000142000004353738    4                       1         
G0793003000026716    2019032820190401826200000004290105320190401000585000907800100000000042900000142000004361141    4                       1         
G0793003000026716    2019032820190401826200000004281105320190401000678000914800100000000042810000142000004371141    4                       1         
G0793003000026716    2019032820190401826200000004252105320190412000942010685700100000000042520000142000004381829    4                       1         
G0793003000026716    2019032820190401826100000004597105320190314000183010515600100000000045970000142000004391829    4                       1         
G0793003000026716    2019032820190401826900000004281105320190314001504010602000100000000042810000142000004401829    4                       1         
G0793003000026716    2019032820190401826900000005711105320190314001589010607000100000000057110000142000004411829    4                       1         
G0793003000026716    2019032820190401826900000005558105320190314000624010545000100000000055580000142000004421829    4                       1         
G0793003000026716    2019032820190401826900000004290105320190314001727010615700100000000042900000142000004431829    4                       1         
G0793003000026716    2019032820190401826300000004290105320190412000105010628500100000000042900000142000004441829    4                       1         
G0793003000026716    2019032820190401826800000004230105320190329000373040033100100000000042300000142000004451829    4                       1         
G0793003000026716    2019032820190401826400000003750105320190404060545002807800100000000037500000142000004463738    4                       1         
G0793003000026716    2019032820190401826100000006067105320190315000121022154200100000000060670000142000004473738    4                       1         
G0793003000026716    2019032820190401826600000003100105320190221000142014277100100000000031000000142000004483089    4                       1         
G0793003000026716    2019032820190401826900000004200105320190314000749010621100100000000042000000142000004491829    4                       1         
G0793003000026716    2019032820190401826700000003850105320190304060372002687800100000000038500000142000004503738    4                       1         
G0793003000026716    2019032820190401826700000003838105320190404060529002806500100000000038380000142000004513738    4                       1         
G0793003000026716    2019032820190401826700000003838105320190404060217002780400100000000038380000142000004523738    4                       1         
G0793003000026716    2019032820190401826700000001137105320190404060500002804400100000000011370000142000004533738    4                       1         
G0793003000026716    2019032820190401826600000003837105320190404060616002813400100000000038370000142000004543738    4                       1         
G0793003000026716    2019032820190401826600000003826105320190404060574002810200100000000038260000142000004553738    4                       1         
G0793003000026716    2019032820190401826500000006577105320190304060445002693900100000000065770000142000004563738    4                       1         
G0793003000026716    2019032820190401826600000005550105320190304060556002703200100000000055500000142000004573738    4                       1         
G0793003000026716    2019032820190401826000000004328105320190404060864002835500100000000043280000142000004583738    4                       1         
G0793003000026716    2019032820190401826000000003838105320190404061187002863900100000000038380000142000004593738    4                       1         
G0793003000026716    2019032820190401826000000001164105320190404061196002864700100000000011640000142000004603738    4                       1         
G0793003000026716    2019032820190401826200000003838105320190404060276002785300100000000038380000142000004613738    4                       1         
G0793003000026716    2019032820190401826200000003805105320190404060665002817300100000000038050000142000004623738    4                       1         
G0793003000026716    2019032820190401826100000012150105320190404061318002872000100000000121500000142000004633738    4                       1         
G0793003000026716    2019032820190401826300000003838105320190404060571002809900100000000038380000142000004643738    4                       1         
G0793003000026716    2019032820190401826200000005794105320190404060573002810100100000000057940000142000004653738    4                       1         
G0793003000026716    2019032820190401826300000008157105320190304070675035830900100000000081570000142000004661829    4                       1         
G0793003000026716    2019032820190401826100000004102105320190404070682035908600100000000041020000142000004671829    4                       1         
G0793003000026716    2019032820190401826000000005378105320190304070657035829300100000000053780000142000004681829    4                       1         
G0793003000026716    2019032820190401826400000004090105320190404070254035878400100000000040900000142000004691829    4                       1         
G0793003000026716    2019032820190401826400000004080105320190404070625035904000100000000040800000142000004701829    4                       1         
G0793003000026716    2019032820190401826400000004050105320190204070496035741500100000000040500000142000004711829    4                       1         
G0793003000026716    2019032820190401826300000004381105320190404070731035912400100000000043810000142000004721829    4                       1         
G0793003000026716    2019032820190401826800000013700105320181101070134035485600100000000137000000142000004731829    4                       1         
G0793003000026716    2019032820190401826800000008100105320190404070675035938100100000000081000000142000004741829    4                       1         
G0793003000026716    2019032820190401826300000004175105320190404070235035876600100000000041750000142000004751829    4                       1         
G0793003000026716    2019032820190401826700000004090105320190404070418035889700100000000040900000142000004761829    4                       1         
G0793003000026716    2019032820190401826500000004231105320190304070930035849300100000000042310000142000004771829    4                       1         
G0793003000026716    2019032820190401826800000004050105320190304071053035858400100000000040500000142000004781829    4                       1         
G0793003000026716    2019032820190401826800000004205105320190404070990035930500100000000042050000142000004791829    4                       1         
G0793003000026716    2019032820190401826800000004090105320190404070774035915000100000000040900000142000004801829    4                       1         
G0793003000026716    2019032820190401826800000004090105320190404070263035879100100000000040900000142000004811829    4                       1         
G0793003000026716    2019032820190401826500000004181105320190404070666035907200100000000041810000142000004821829    4                       1         
G0793003000026716    2019032820190401826600000004255105320190404071024035932400100000000042550000142000004831829    4                       1         
G0793003000026716    2019032820190401826600000008396105320190304070553035822200100000000083960000142000004841829    4                       1         
G0793003000026716    2019032820190401826000000004204105320190304070774035838300100000000042040000142000004851829    4                       1         
G0793003000026716    2019032820190401826500000009050105320181203070134035560700100000000090500000142000004861829    4                       1         
G0793003000026716    2019032820190401826600000004140105320190404070930035926000100000000041400000142000004871829    4                       1         
G0793003000026716    2019032820190401826600000004090105320190404070612035903100100000000040900000142000004881829    4                       1         
G0793003000026716    2019032820190401826600000004090105320190404070556035899300100000000040900000142000004891829    4                       1         
G0793003000026716    2019032820190401826200000004200105320190304070800035840100100000000042000000142000004901829    4                       1         
G0793003000026716    2019032820190401826300000004050105320190304070496035859900100000000040500000142000004911829    4                       1         
G0793003000026716    2019032820190401826100000004274105320190412000972010687500100000000042740000142000004921829    4                       1         
G0793003000026716    2019032820190401826000000004400105320190314001526010603400100000000044000000142000004931829    4                       1         
G0793003000026716    2019032820190401826000000004395105320190314001045010573600100000000043950000142000004941829    4                       1         
G0793003000026716    2019032820190401826800000006603105320190412000781010675300100000000066030000142000004951829    4                       1         
G0793003000026716    2019032820190401826800000005433105320190412000094010627700100000000054330000142000004961829    4                       1         
G0793003000026716    2019032820190401826800000004290105320190412001107010695000100000000042900000142000004971829    4                       1         
G0793003000026716    2019032820190401826800000004290105320190314001318010590000100000000042900000142000004981829    4                       1         
G0793003000026716    2019032820190401826300000004396105320190314000207010517200100000000043960000142000004991829    4                       1         
G0793003000026716    2019032820190401826300000004260105320190314001200010582100100000000042600000142000005001829    4                       1         
G0793003000026716    2019032820190401826500000001352105320190304070107035791000100000000013520000142000005011829    4                       1         
G0793003000026716    2019032820190401826500000004484105320190314000138010512200100000000044840000142000005021829    4                       1         
G0793003000026716    2019032820190401826500000004440105320190314000048010505700100000000044400000142000005031829    4                       1         
G0793003000026716    2019032820190401826700000006750105320190114000801010315500100000000067500000142000005041829    4                       1         
G0793003000026716    2019032820190401826700000006722105320190314000595010542900100000000067220000142000005051829    4                       1         
G0793003000026716    2019032820190401826700000004453105320190314000209010517400100000000044530000142000005061829    4                       1         
G0793003000026716    2019032820190401826700000004290105320190412000424010650100100000000042900000142000005071829    4                       1         
G0793003000026716    2019032820190401826700000004290105320190412000055010625000100000000042900000142000005081829    4                       1         
G0793003000026716    2019032820190401826500000004290105320190412001658010729300100000000042900000142000005091829    4                       1         
G0793003000026716    2019032820190401826500000004290105320190412000649010664800100000000042900000142000005101829    4                       1         
G0793003000026716    2019032820190401826500000004123105320190404070073035867000100000000041230000142000005111829    4                       1         
G0793003000026716    2019032820190401826500000004090105320190404070782035915600100000000040900000142000005121829    4                       1         
G0793003000026716    2019032820190401826500000001325105320190412000145010631500100000000013250000142000005131829    4                       1         
G0793003000026716    2019032820190401826600000004200105320190314000801010620500100000000042000000142000005141829    4                       1         
G0793003000026716    2019032820190401826600000006600105320190214001318010470400100000000066000000142000005151829    4                       1         
G0793003000026716    2019032820190401826500000008050105320190214000801010438800100000000080500000142000005161829    4                       1         
G0793003000026716    2019032820190401826500000006757105320190314001618010609000100000000067570000142000005171829    4                       1         
G0793003000026716    2019032820190401826500000005469105320190412000181010634000100000000054690000142000005181829    4                       1         
G0793003000026716    2019032820190401826600000004421105320190314001117010577200100000000044210000142000005191829    4                       1         
G0793003000026716    2019032820190401826600000004290105320190412000383010647400100000000042900000142000005201829    4                       1         
G0793003000026716    2019032820190401826400000006650105320190214000048010384600100000000066500000142000005211829    4                       1         
G0793003000026716    2019032820190401826000000004288105320190412000108010628700100000000042880000142000005221829    4                       1         
G0793003000026716    2019032820190401826400000004390105320190314000779010556900100000000043900000142000005231829    4                       1         
Z00052500000000002543883                                                                                                                              
