A2201053              HIDROFORTETOCANTINS 104CAIXA ECON. FEDERAL 2019033000158203                                                                     
G0793003000026716    2019032920190401826600000004230105320190329001230040109200100000000042300000142000000011829    3                       1         
G0793003000026716    2019032920190401826400000007850105320190201001539000645200100000000078500000142000000021141    3                       1         
G0793003000026716    2019032920190401826200000004200105320190301001539000860800100000000042000000142000000031141    3                       1         
G0793003000026716    2019032920190401826500000003140105320190406005614006978400100000000031400000142000000040793    3                       1         
G0793003000026716    2019032920190401826000000003100105320190406005880006985900100000000031000000142000000050793    3                       1         
G0793003000026716    2019032920190402826400000004295105320190301000525000737000100000000042950000142000000061141    4                       1         
G0793003000026716    2019032920190402826700000004230105320190329000407040036000100000000042300000142000000071829    4                       1         
G0793003000026716    2019032920190402826700000004230105320190329000548040047800100000000042300000142000000081829    4                       1         
G0793003000026716    2019032920190402826000000004230105320190329001197040106200100000000042300000142000000091829    4                       1         
G0793003000026716    2019032920190402826000000004230105320190329000947040083300100000000042300000142000000101829    4                       1         
G0793003000026716    2019032920190402826000000004230105320190329000804040070600100000000042300000142000000111829    4                       1         
G0793003000026716    2019032920190402826000000004230105320190329000801040070300100000000042300000142000000121829    4                       1         
G0793003000026716    2019032920190402826000000004230105320190329000462040040600100000000042300000142000000131829    4                       1         
G0793003000026716    2019032920190402826000000004230105320190329000235040021100100000000042300000142000000141829    4                       1         
G0793003000026716    2019032920190402826600000005392105320190329000066040006000100000000053920000142000000151829    4                       1         
G0793003000026716    2019032920190402826600000004230105320190329000839040073600100000000042300000142000000161829    4                       1         
G0793003000026716    2019032920190402826600000004230105320190329000395040034800100000000042300000142000000171829    4                       1         
G0793003000026716    2019032920190402826600000004230105320190329000037040003400100000000042300000142000000181829    4                       1         
G0793003000026716    2019032920190402826800000005973105320190329000353040031300100000000059730000142000000191829    4                       1         
G0793003000026716    2019032920190402826800000004230105320190329001026040091000100000000042300000142000000201829    4                       1         
G0793003000026716    2019032920190402826800000004230105320190329000988040087200100000000042300000142000000211829    4                       1         
G0793003000026716    2019032920190402826700000004230105320190329000733040064000100000000042300000142000000221829    4                       1         
G0793003000026716    2019032920190402826600000004230105320190329000033040003100100000000042300000142000000231829    4                       1         
G0793003000026716    2019032920190402826500000004230105320190329001098040097000100000000042300000142000000241829    4                       1         
G0793003000026716    2019032920190402826500000004230105320190329000370040032900100000000042300000142000000251829    4                       1         
G0793003000026716    2019032920190402826500000004230105320190329000327040028900100000000042300000142000000261829    4                       1         
G0793003000026716    2019032920190402826500000004230105320190329000294040026000100000000042300000142000000271829    4                       1         
G0793003000026716    2019032920190402826500000004230105320190329000083040007400100000000042300000142000000281829    4                       1         
G0793003000026716    2019032920190402826400000004230105320190329000930040081600100000000042300000142000000291829    4                       1         
G0793003000026716    2019032920190402826400000004230105320190329000890040078300100000000042300000142000000301829    4                       1         
G0793003000026716    2019032920190402826400000004230105320190329000704040061500100000000042300000142000000311829    4                       1         
G0793003000026716    2019032920190402826400000004230105320190329000451040039700100000000042300000142000000321829    4                       1         
G0793003000026716    2019032920190402826400000004230105320190329000408040036100100000000042300000142000000331829    4                       1         
G0793003000026716    2019032920190402826300000012632105320190329001064040094100100000000126320000142000000341829    4                       1         
G0793003000026716    2019032920190402826300000007135105320190329001024040090800100000000071350000142000000351829    4                       1         
G0793003000026716    2019032920190402826200000009364105320190329000207040018300100000000093640000142000000361829    4                       1         
G0793003000026716    2019032920190402826200000004230105320190329000762040066800100000000042300000142000000371829    4                       1         
G0793003000026716    2019032920190402826100000005392105320190329001082040095700100000000053920000142000000381829    4                       1         
G0793003000026716    2019032920190402826100000004811105320190329000050040004500100000000048110000142000000391829    4                       1         
G0793003000026716    2019032920190402826100000004230105320190329000325040028700100000000042300000142000000401829    4                       1         
G0793003000026716    2019032920190402826600000003120105300100000070394081949200000000000031200000142000000413939    4                       1         
G0793003000026716    2019032920190402826000000007062105300100000071326081865100000000000070620000142000000423939    4                       1         
G0793003000026716    2019032920190402826000000004850105300100000070091081759900000000000048500000142000000433939    4                       1         
G0793003000026716    2019032920190402826000000004235105300100000071707082072800000000000042350000142000000443939    4                       1         
G0793003000026716    2019032920190402826400000004154105300100000071466082050800000000000041540000142000000453939    4                       1         
G0793003000026716    2019032920190402826400000004130105300100000071419082046500000000000041300000142000000463939    4                       1         
G0793003000026716    2019032920190402826400000001372105300100000071623082065100000000000013720000142000000473939    4                       1         
G0793003000026716    2019032920190402826400000001329105300100000070590081967400000000000013290000142000000483939    4                       1         
G0793003000026716    2019032920190402826400000001308105300100000070385081948300000000000013080000142000000493939    4                       1         
G0793003000026716    2019032920190402826600000001304105300100000070855081820100000000000013040000142000000503939    4                       1         
G0793003000026716    2019032920190402826600000001286105300100000071097082015600000000000012860000142000000513939    4                       1         
G0793003000026716    2019032920190402826500000007844105300100000070887081822800000000000078440000142000000523939    4                       1         
G0793003000026716    2019032920190402826800000004156105300100000071389082043700000000000041560000142000000533939    4                       1         
G0793003000026716    2019032920190402826800000001349105300100000071085082014500000000000013490000142000000543939    4                       1         
G0793003000026716    2019032920190402826700000006597105300100000071042082010300000000000065970000142000000553939    4                       1         
G0793003000026716    2019032920190402826700000004848105300100000071117082017500000000000048480000142000000563939    4                       1         
G0793003000026716    2019032920190402826700000004389105300100000070803081988200000000000043890000142000000573939    4                       1         
G0793003000026716    2019032920190402826700000004134105300100000071677082070000000000000041340000142000000583939    4                       1         
G0793003000026716    2019032920190402826500000004300105300100000070486081957600000000000043000000142000000593939    4                       1         
G0793003000026716    2019032920190402826700000001292105300100000071603082063100000000000012920000142000000603939    4                       1         
G0793003000026716    2019032920190402826500000004277105300100000070550081963700000000000042770000142000000613939    4                       1         
G0793003000026716    2019032920190402826500000004159105300100000071170082022600000000000041590000142000000623939    4                       1         
G0793003000026716    2019032920190402826500000004150105300100000071432082047800000000000041500000142000000633939    4                       1         
G0793003000026716    2019032920190402826500000004130105300100000070083081932300000000000041300000142000000643939    4                       1         
G0793003000026716    2019032920190402826500000003000105300100000070191081934100000000000030000000142000000653939    4                       1         
G0793003000026716    2019032920190402826500000001283105300100000071139082019600000000000012830000142000000663939    4                       1         
G0793003000026716    2019032920190402826400000010281105300100000071489082053000000000000102810000142000000673939    4                       1         
G0793003000026716    2019032920190402826400000006562105300100000071647082067500000000000065620000142000000683939    4                       1         
G0793003000026716    2019032920190402826500000004164105300100000070798081987700000000000041640000142000000693939    4                       1         
G0793003000026716    2019032920190402826300000004254105300100000070641081799700000000000042540000142000000703939    4                       1         
G0793003000026716    2019032920190402826100000010918105300100000071204081853100000000000109180000142000000713939    4                       1         
G0793003000026716    2019032920190402826300000004180105300100000070976082003900000000000041800000142000000723939    4                       1         
G0793003000026716    2019032920190402826300000004180105300100000070846081992100000000000041800000142000000733939    4                       1         
G0793003000026716    2019032920190402826300000009441105300100000071559081886000000000000094410000142000000743939    4                       1         
G0793003000026716    2019032920190402826300000007895105300100000070346081771600000000000078950000142000000753939    4                       1         
G0793003000026716    2019032920190402826000000004184105300100000070319081942000000000000041840000142000000763939    4                       1         
G0793003000026716    2019032920190402826000000004172105300100000071339082039000000000000041720000142000000773939    4                       1         
G0793003000026716    2019032920190402826000000004149105300100000071167082022300000000000041490000142000000783939    4                       1         
G0793003000026716    2019032920190402826000000004130105300100000070920081998900000000000041300000142000000793939    4                       1         
G0793003000026716    2019032920190402826000000004100105300100000070940082000700000000000041000000142000000803939    4                       1         
G0793003000026716    2019032920190402826000000001362105300100000070380081947900000000000013620000142000000813939    4                       1         
G0793003000026716    2019032920190402826000000001345105300100000070424081779100000000000013450000142000000823939    4                       1         
G0793003000026716    2019032920190402826000000001300105300100000071025082008800000000000013000000142000000833939    4                       1         
G0793003000026716    2019032920190402826000000002400105300100000070502081612400000000000024000000142000000843939    4                       1         
G0793003000026716    2019032920190402826300000004165105300100000071619082064700000000000041650000142000000853939    4                       1         
G0793003000026716    2019032920190402826300000004147105300100000071644082067200000000000041470000142000000863939    4                       1         
G0793003000026716    2019032920190402826300000004130105300100000071791082080800000000000041300000142000000873939    4                       1         
G0793003000026716    2019032920190402826100000004260105300100000071346081867100000000000042600000142000000883939    4                       1         
G0793003000026716    2019032920190402826100000004122105300100000071617082064500000000000041220000142000000893939    4                       1         
G0793003000026716    2019032920190402826100000003922105300100000070993082005600000000000039220000142000000903939    4                       1         
G0793003000026716    2019032920190402826300000004130105300100000071764082078200000000000041300000142000000913939    4                       1         
G0793003000026716    2019032920190402826300000004130105300100000070747081982700000000000041300000142000000923939    4                       1         
G0793003000026716    2019032920190402826200000004326105300100000070524081961200000000000043260000142000000933939    4                       1         
G0793003000026716    2019032920190402826200000004276105300100000071575082060400000000000042760000142000000943939    4                       1         
G0793003000026716    2019032920190402826200000004130105300100000071899082091300000000000041300000142000000953939    4                       1         
G0793003000026716    2019032920190402826200000001322105300100000071050082011100000000000013220000142000000963939    4                       1         
G0793003000026716    2019032920190402826300000001336105300100000070903081997300000000000013360000142000000973939    4                       1         
G0793003000026716    2019032920190402826200000001322105300100000070302081940400000000000013220000142000000983939    4                       1         
G0793003000026716    2019032920190402826200000006421105300100000071140082019700000000000064210000142000000993939    4                       1         
G0793003000026716    2019032920190402826400000004259105300100000070644081972700000000000042590000142000001003939    4                       1         
G0793003000026716    2019032920190402826100000001364105300100000070352081945100000000000013640000142000001013939    4                       1         
G0793003000026716    2019032920190402826000000001298105300100000071919082093300000000000012980000142000001023939    4                       1         
G0793003000026716    2019032920190402826600000004230105300100000070584081966800000000000042300000142000001033939    4                       1         
G0793003000026716    2019032920190402826900000004130105300100000071225082027600000000000041300000142000001043939    4                       1         
G0793003000026716    2019032920190402826800000006399105300100000070943082000900000000000063990000142000001053939    4                       1         
G0793003000026716    2019032920190402826900000004197105300100000071850082086600000000000041970000142000001063939    4                       1         
G0793003000026716    2019032920190402826600000005639105300100000071230081855500000000000056390000142000001073939    4                       1         
G0793003000026716    2019032920190402826600000009320105300100000071207082025900000000000093200000142000001083939    4                       1         
G0793003000026716    2019032920190402826600000004722105300100000071946082095700000000000047220000142000001093939    4                       1         
G0793003000026716    2019032920190402826900000001372105300100000070427081779300000000000013720000142000001103939    4                       1         
G0793003000026716    2019032920190402826600000007750105300100000070985082004800000000000077500000142000001113939    4                       1         
G0793003000026716    2019032920190402826600000006439105300100000071869082088300000000000064390000142000001123939    4                       1         
G0793003000026716    2019032920190402826600000004194105300100000070835081818400000000000041940000142000001133939    4                       1         
G0793003000026716    2019032920190402826900000001286105300100000070970082003400000000000012860000142000001143939    4                       1         
G0793003000026716    2019032920190402826800000004680105300100000070559081964600000000000046800000142000001153939    4                       1         
G0793003000026716    2019032920190402826800000004330105300100000071956082096600000000000043300000142000001163939    4                       1         
G0793003000026716    2019032920190402826900000004302105300100000070524081788300000000000043020000142000001173939    4                       1         
G0793003000026716    2019032920190402826900000004124105300100000071959082096900000000000041240000142000001183939    4                       1         
G0793003000026716    2019032920190402826900000004241105300100000071488082052900000000000042410000142000001193939    4                       1         
G0793003000026716    2019032920190402826900000004234105300100000071179082023400000000000042340000142000001203939    4                       1         
G0793003000026716    2019032920190402826400000004650105320190321061273002764600100000000046500000142000001213089    4                       1         
G0793003000026716    2019032920190402826800000008825105320190301000124000706400100000000088250000142000001221141    4                       1         
G0793003000026716    2019032920190402826700000010850105320190329000151040013500100000000108500000142000001231829    4                       1         
G0793003000026716    2019032920190402826600000004230105320190329000688040060000100000000042300000142000001241829    4                       1         
G0793003000026716    2019032920190402826400000007135105320190329000528040046200100000000071350000142000001251829    4                       1         
G0793003000026716    2019032920190402826200000004249105320190304070899035846500100000000042490000142000001261829    4                       1         
G0793003000026716    2019032920190402826500000004260105320190321000068014354100100000000042600000142000001273089    4                       1         
G0793003000026716    2019032920190402826100000007457105320190221000068014270200100000000074570000142000001283089    4                       1         
G0793003000026716    2019032920190402826100000004263105320190321000856014422800100000000042630000142000001293089    4                       1         
G0793003000026716    2019032920190402826300000003167105320190406005095006967900100000000031670000142000001300793    4                       1         
G0793003000026716    2019032920190402826900000006551105320190306005070006896300100000000065510000142000001310793    4                       1         
G0793003000026716    2019032920190402826700000004052105320190406005270006969300100000000040520000142000001320793    4                       1         
G0793003000026716    2019032920190402826700000003250105320190406005250006969100100000000032500000142000001330793    4                       1         
G0793003000026716    2019032920190402826500000003167105320190406005591006976700100000000031670000142000001340793    4                       1         
G0793003000026716    2019032920190402826300000003144105320190406005325006969800100000000031440000142000001350793    4                       1         
G0793003000026716    2019032920190402826300000005392105320190225000223024021600100000000053920000142000001361737    4                       1         
G0793003000026716    2019032920190402826800000004230105320190325000325024100800100000000042300000142000001371737    4                       1         
G0793003000026716    2019032920190402826900000004230105320190325000044024076300100000000042300000142000001381737    4                       1         
G0793003000026716    2019032920190402826600000004318105320190325000661024129600100000000043180000142000001391737    4                       1         
G0793003000026716    2019032920190402826600000004316105320190325000559024120900100000000043160000142000001401737    4                       1         
G0793003000026716    2019032920190402826600000004230105320190325000511024116700100000000042300000142000001411737    4                       1         
G0793003000026716    2019032920190402826300000004230105320190325000169024087400100000000042300000142000001421737    4                       1         
G0793003000026716    2019032920190402826100000004318105320190325000060024077800100000000043180000142000001431737    4                       1         
G0793003000026716    2019032920190402826200000004230105320190225000736024070600100000000042300000142000001441737    4                       1         
G0793003000026716    2019032920190402826200000004230105320190225000418024040700100000000042300000142000001451737    4                       1         
G0793003000026716    2019032920190402826800000007850105320190301000714000750900100000000078500000142000001461141    4                       1         
G0793003000026716    2019032920190402826100000003829105320190404061098002855800100000000038290000142000001473738    4                       1         
G0793003000026716    2019032920190402826100000003816105320190404060396002795300100000000038160000142000001483738    4                       1         
G0793003000026716    2019032920190402826100000003811105320190404060212002780000100000000038110000142000001493738    4                       1         
G0793003000026716    2019032920190402826300000003888105320190404061050002852100100000000038880000142000001503738    4                       1         
G0793003000026716    2019032920190402826300000003838105320190404060790002829000100000000038380000142000001513738    4                       1         
G0793003000026716    2019032920190402826200000005334105320190404060615002813300100000000053340000142000001523738    4                       1         
G0793003000026716    2019032920190402826200000003838105320190404060530002806600100000000038380000142000001533738    4                       1         
G0793003000026716    2019032920190402826200000003812105320190404060871002836200100000000038120000142000001543738    4                       1         
G0793003000026716    2019032920190402826300000001149105320190404061208002865800100000000011490000142000001553738    4                       1         
G0793003000026716    2019032920190402826200000011498105320190404060358002792100100000000114980000142000001563738    4                       1         
G0793003000026716    2019032920190402826400000003838105320190404060613002813100100000000038380000142000001573738    4                       1         
G0793003000026716    2019032920190402826400000001134105320190404060284002785900100000000011340000142000001583738    4                       1         
G0793003000026716    2019032920190402826400000001110105320190404060797002829700100000000011100000142000001593738    4                       1         
G0793003000026716    2019032920190402826300000011676105320190304061044002746500100000000116760000142000001603738    4                       1         
G0793003000026716    2019032920190402826300000007576105320190404060365002792700100000000075760000142000001613738    4                       1         
G0793003000026716    2019032920190402826300000006406105320190304060226002675700100000000064060000142000001623738    4                       1         
G0793003000026716    2019032920190402826300000005388105320190404060835002833000100000000053880000142000001633738    4                       1         
G0793003000026716    2019032920190402826000000003838105320190404060238002781900100000000038380000142000001643738    4                       1         
G0793003000026716    2019032920190402826000000003826105320190404061172002862500100000000038260000142000001653738    4                       1         
G0793003000026716    2019032920190402826000000003803105320190404060319002788700100000000038030000142000001663738    4                       1         
G0793003000026716    2019032920190402826100000004368105320190304000151002606800100000000043680000142000001674481    4                       1         
G0793003000026716    2019032920190402826000000004292105320190404000151002653000100000000042920000142000001684481    4                       1         
G0793003000026716    2019032920190402826000000004090105320190404070726035912000100000000040900000142000001691829    4                       1         
G0793003000026716    2019032920190402826700000004200105320190404070850035920400100000000042000000142000001701829    4                       1         
G0793003000026716    2019032920190402826600000005256105320190404070758035914000100000000052560000142000001711829    4                       1         
G0793003000026716    2019032920190402826900000006353105320190404071045035934200100000000063530000142000001721829    4                       1         
G0793003000026716    2019032920190402826800000004409105320190304071018035855600100000000044090000142000001731829    4                       1         
G0793003000026716    2019032920190402826900000004096105320190404070620035903600100000000040960000142000001741829    4                       1         
G0793003000026716    2019032920190402826900000005700105320190404070505035938800100000000057000000142000001751829    4                       1         
G0793003000026716    2019032920190402826800000006213105320190301000398000726800100000000062130000142000001761141    4                       1         
G0793003000026716    2019032920190402826800000005071105320190301002197000855100100000000050710000142000001771141    4                       1         
G0793003000026716    2019032920190402826800000004386105320190301000563000740200100000000043860000142000001781141    4                       1         
G0793003000026716    2019032920190402826800000004299105320190401001756000990500100000000042990000142000001791141    4                       1         
G0793003000026716    2019032920190402826900000020308105320190301000413000728100100000000203080000142000001801141    4                       1         
G0793003000026716    2019032920190402826900000013024105320190301001207000787300100000000130240000142000001811141    4                       1         
G0793003000026716    2019032920190402826900000011253105320190301000243000714400100000000112530000142000001821141    4                       1         
G0793003000026716    2019032920190402826900000008054105320190401000620000910900100000000080540000142000001831141    4                       1         
G0793003000026716    2019032920190402826900000005528105320190401000484000899600100000000055280000142000001841141    4                       1         
G0793003000026716    2019032920190402826900000004397105320190301001212000787800100000000043970000142000001851141    4                       1         
G0793003000026716    2019032920190402826900000004390105320190301000838000761000100000000043900000142000001861141    4                       1         
G0793003000026716    2019032920190402826900000004367105320190401001826000995400100000000043670000142000001871141    4                       1         
G0793003000026716    2019032920190402826800000004290105320190401002030001010000100000000042900000142000001881141    4                       1         
G0793003000026716    2019032920190402826900000004290105320190401000438000896100100000000042900000142000001891141    4                       1         
G0793003000026716    2019032920190402826900000004290105320190401000180000875800100000000042900000142000001901141    4                       1         
G0793003000026716    2019032920190402826800000004290105320190401001468000971100100000000042900000142000001911141    4                       1         
G0793003000026716    2019032920190402826800000004290105320190401001448000969500100000000042900000142000001921141    4                       1         
G0793003000026716    2019032920190402826800000004290105320190401001041000941700100000000042900000142000001931141    4                       1         
G0793003000026716    2019032920190402826800000004290105320190401000431000895500100000000042900000142000001941141    4                       1         
G0793003000026716    2019032920190402826800000004290105320190401000233000879500100000000042900000142000001951141    4                       1         
G0793003000026716    2019032920190402826900000004198105320190304070101035790700100000000041980000142000001961829    4                       1         
G0793003000026716    2019032920190402826600000004118105320190404070937035926500100000000041180000142000001971829    4                       1         
G0793003000026716    2019032920190402826600000001366105320190404070736035912700100000000013660000142000001981829    4                       1         
G0793003000026716    2019032920190402826700000004250105320190404070622035903700100000000042500000142000001991829    4                       1         
G0793003000026716    2019032920190402826700000005326105320190404070274035880000100000000053260000142000002001829    4                       1         
G0793003000026716    2019032920190402826700000001390105320190404070656035906400100000000013900000142000002011829    4                       1         
G0793003000026716    2019032920190402826100000004472105320190404070394035887900100000000044720000142000002021829    4                       1         
G0793003000026716    2019032920190402826400000012067105320190404071039035933600100000000120670000142000002031829    4                       1         
G0793003000026716    2019032920190402826700000001390105320190404070563035899900100000000013900000142000002041829    4                       1         
G0793003000026716    2019032920190402826500000001265105320190404070778035915200100000000012650000142000002051829    4                       1         
G0793003000026716    2019032920190402826400000004312105320190304071009035855200100000000043120000142000002061829    4                       1         
G0793003000026716    2019032920190402826200000004071105320190404070918035925200100000000040710000142000002071829    4                       1         
G0793003000026716    2019032920190402826200000005150105320190304070505035861500100000000051500000142000002081829    4                       1         
G0793003000026716    2019032920190402826800000004200105320190301000712000750700100000000042000000142000002091141    4                       1         
G0793003000026716    2019032920190402826600000004767105320190406004070006958500100000000047670000142000002100946    4                       1         
G0793003000026716    2019032920190402826500000005392105320190329000324040028600100000000053920000142000002111829    4                       1         
G0793003000026716    2019032920190402826700000004230105320190329000424040037400100000000042300000142000002121829    4                       1         
G0793003000026716    2019032920190402826100000003850105320181206000811095591700100000000038500000142000002134481    4                       1         
G0793003000026716    2019032920190402826000000003750105320190404060036002774300100000000037500000142000002143738    4                       1         
G0793003000026716    2019032920190402826900000003798105320190404060781002828200100000000037980000142000002153738    4                       1         
G0793003000026716    2019032920190402826400000004800105320190321061243002762500100000000048000000142000002163738    4                       1         
G0793003000026716    2019032920190402826800000004650105320190321061352002770700100000000046500000142000002173089    4                       1         
G0793003000026716    2019032920190402826600000008862105320190301000341000722500100000000088620000142000002181141    4                       1         
G0793003000026716    2019032920190402826600000006262105320190401002223001023600100000000062620000142000002191141    4                       1         
G0793003000026716    2019032920190402826200000004440105320190314001376010594000100000000044400000142000002201829    4                       1         
G0793003000026716    2019032920190402826200000001416105320190404070167035871300100000000014160000142000002211829    4                       1         
G0793003000026716    2019032920190402826200000001390105320190404070129035869800100000000013900000142000002221829    4                       1         
G0793003000026716    2019032920190402826100000001390105320190404070638035904900100000000013900000142000002231829    4                       1         
G0793003000026716    2019032920190402826300000012050105320190204071039035780900100000000120500000142000002241829    4                       1         
G0793003000026716    2019032920190402826400000004175105320190404070425035890200100000000041750000142000002251829    4                       1         
G0793003000026716    2019032920190402826000000003148105320190406005594006977000100000000031480000142000002263863    4                       1         
G0793003000026716    2019032920190402826800000005950105320190406005958006988500100000000059500000142000002273863    4                       1         
G0793003000026716    2019032920190402826800000004847105320190306004290006889100100000000048470000142000002283863    4                       1         
G0793003000026716    2019032920190402826900000009426105320190406001250006933400100000000094260000142000002293863    4                       1         
G0793003000026716    2019032920190402826600000005441105320190401000445000896500100000000054410000142000002301141    4                       1         
G0793003000026716    2019032920190402826600000003114105320190406000150006923300100000000031140000142000002313863    4                       1         
G0793003000026716    2019032920190402826700000006014105320190406000310006924700100000000060140000142000002323863    4                       1         
G0793003000026716    2019032920190402826700000005043105320190306004190006888200100000000050430000142000002333863    4                       1         
G0793003000026716    2019032920190402826700000005023105320190306004250006888700100000000050230000142000002343863    4                       1         
G0793003000026716    2019032920190402826700000003650105320190406005665006982000100000000036500000142000002353863    4                       1         
G0793003000026716    2019032920190402826700000003100105320190205001980006797500100000000031000000142000002363863    4                       1         
G0793003000026716    2019032920190402826500000003300105320190406005956006988400100000000033000000142000002373863    4                       1         
G0793003000026716    2019032920190402826600000004452105320190301001710000820400100000000044520000142000002381141    4                       1         
G0793003000026716    2019032920190402826500000003100105320190406005939006987600100000000031000000142000002393863    4                       1         
G0793003000026716    2019032920190402826400000005950105320190306005958006917100100000000059500000142000002403863    4                       1         
G0793003000026716    2019032920190402826400000004350105320190306005966006917500100000000043500000142000002413863    4                       1         
G0793003000026716    2019032920190402826100000004702105320190406004270006960400100000000047020000142000002423863    4                       1         
G0793003000026716    2019032920190402826300000003200105320190105001980006727000100000000032000000142000002433863    4                       1         
G0793003000026716    2019032920190402826000000004400105320190306005922006915000100000000044000000142000002443863    4                       1         
G0793003000026716    2019032920190402826400000003249105320190306005616006907200100000000032490000142000002453863    4                       1         
G0793003000026716    2019032920190402826400000003203105320190306000190006852400100000000032030000142000002463863    4                       1         
G0793003000026716    2019032920190402826300000005097105320190306002770006875000100000000050970000142000002473863    4                       1         
G0793003000026716    2019032920190402826300000006669105320190315000410018152200100000000066690000142000002481141    4                       1         
G0793003000026716    2019032920190402826500000004353105320190315000193018136100100000000043530000142000002491141    4                       1         
G0793003000026716    2019032920190402826900000004323105320190315000689018174900100000000043230000142000002501141    4                       1         
G0793003000026716    2019032920190402826200000004200105320190315000017018179100100000000042000000142000002511141    4                       1         
G0793003000026716    2019032920190402826600000004373105320190401000367000890300100000000043730000142000002521141    4                       1         
G0793003000026716    2019032920190402826600000004294105320190401000286000883900100000000042940000142000002531141    4                       1         
G0793003000026716    2019032920190402826200000005422105320190215000017018062100100000000054220000142000002541141    4                       1         
G0793003000026716    2019032920190402826400000004200105320190115000017018001300100000000042000000142000002551141    4                       1         
G0793003000026716    2019032920190402826700000008123105320190401000457000897600100000000081230000142000002561141    4                       1         
G0793003000026716    2019032920190402826700000005433105320190401000554000905300100000000054330000142000002571141    4                       1         
G0793003000026716    2019032920190402826700000004871105320190401000209000878000100000000048710000142000002581141    4                       1         
G0793003000026716    2019032920190402826000000006443105320190315000453018155700100000000064430000142000002591141    4                       1         
G0793003000026716    2019032920190402826000000004401105320190405000850028137100100000000044010000142000002604481    4                       1         
G0793003000026716    2019032920190402826500000004383105320190401001813000994400100000000043830000142000002611141    4                       1         
G0793003000026716    2019032920190402826500000004377105320190301000505000735300100000000043770000142000002621141    4                       1         
G0793003000026716    2019032920190402826700000004200105320190401000712001026500100000000042000000142000002631141    4                       1         
G0793003000026716    2019032920190402826500000004352105320190401000726000918300100000000043520000142000002641141    4                       1         
G0793003000026716    2019032920190402826500000004304105320190401002142001017700100000000043040000142000002651141    4                       1         
G0793003000026716    2019032920190402826500000004290105320190401000040000866100100000000042900000142000002661141    4                       1         
G0793003000026716    2019032920190402826500000004289105320190401000722000917900100000000042890000142000002671141    4                       1         
G0793003000026716    2019032920190402826400000008855105320190401000341000888500100000000088550000142000002681141    4                       1         
G0793003000026716    2019032920190402826800000004315105320190405000608028116900100000000043150000142000002694481    4                       1         
G0793003000026716    2019032920190402826900000004811105320190405000299028095300100000000048110000142000002704481    4                       1         
G0793003000026716    2019032920190402826400000006828105320190301001282000792200100000000068280000142000002711141    4                       1         
G0793003000026716    2019032920190402826400000004863105320190401000219000878500100000000048630000142000002721141    4                       1         
G0793003000026716    2019032920190402826900000004811105320190405000164028086900100000000048110000142000002734481    4                       1         
G0793003000026716    2019032920190402826900000004230105320190405000361028098900100000000042300000142000002744481    4                       1         
G0793003000026716    2019032920190402826800000004230105320190405000630028118500100000000042300000142000002754481    4                       1         
G0793003000026716    2019032920190402826800000004230105320190405000535028111200100000000042300000142000002764481    4                       1         
G0793003000026716    2019032920190402826900000004230105320190405000172028087500100000000042300000142000002774481    4                       1         
G0793003000026716    2019032920190402826900000004230105320190405000034028079900100000000042300000142000002784481    4                       1         
G0793003000026716    2019032920190402826400000004420105320190301001419000801300100000000044200000142000002791141    4                       1         
G0793003000026716    2019032920190402826100000004290105320190401000933000934200100000000042900000142000002801141    4                       1         
G0793003000026716    2019032920190402826100000004290105320190401000761000921300100000000042900000142000002811141    4                       1         
G0793003000026716    2019032920190402826100000004290105320190401000638000911900100000000042900000142000002821141    4                       1         
G0793003000026716    2019032920190402826400000004401105320190401001994001007500100000000044010000142000002831141    4                       1         
G0793003000026716    2019032920190402826400000004290105320190401001051000942700100000000042900000142000002841141    4                       1         
G0793003000026716    2019032920190402826400000004290105320190401000396000892500100000000042900000142000002851141    4                       1         
G0793003000026716    2019032920190402826400000004290105320190401000133000872600100000000042900000142000002861141    4                       1         
G0793003000026716    2019032920190402826400000004278105320190401001403000966800100000000042780000142000002871141    4                       1         
G0793003000026716    2019032920190402826300000006296105320190301001692000819500100000000062960000142000002881141    4                       1         
G0793003000026716    2019032920190402826300000004382105320190401000974000937400100000000043820000142000002891141    4                       1         
G0793003000026716    2019032920190402826300000004303105320190401002108001015100100000000043030000142000002901141    4                       1         
G0793003000026716    2019032920190402826300000004290105320190401001616000980800100000000042900000142000002911141    4                       1         
G0793003000026716    2019032920190402826300000004290105320190401000112000871000100000000042900000142000002921141    4                       1         
G0793003000026716    2019032920190402826300000004290105320190401000031000865300100000000042900000142000002931141    4                       1         
G0793003000026716    2019032920190402826300000004271105320190401001277000958400100000000042710000142000002941141    4                       1         
G0793003000026716    2019032920190402826300000004200105320190401001442001028400100000000042000000142000002951141    4                       1         
G0793003000026716    2019032920190402826100000023274105320190401000434000895700100000000232740000142000002961141    4                       1         
G0793003000026716    2019032920190402826100000011164105320190301000540000738300100000000111640000142000002971141    4                       1         
G0793003000026716    2019032920190402826100000006847105320190301002142000851000100000000068470000142000002981141    4                       1         
G0793003000026716    2019032920190402826100000005401105320190401001972001005900100000000054010000142000002991141    4                       1         
G0793003000026716    2019032920190402826100000004428105320190301000368000724400100000000044280000142000003001141    4                       1         
G0793003000026716    2019032920190402826100000004409105320190301000286000717900100000000044090000142000003011141    4                       1         
G0793003000026716    2019032920190402826100000004290105320190401001572000977300100000000042900000142000003021141    4                       1         
G0793003000026716    2019032920190402826100000004290105320190401001321000961400100000000042900000142000003031141    4                       1         
G0793003000026716    2019032920190402826100000004290105320190401000449000896800100000000042900000142000003041141    4                       1         
G0793003000026716    2019032920190402826900000004230105320190306001050028074500100000000042300000142000003054481    4                       1         
G0793003000026716    2019032920190402826900000004230105320190306000994028070300100000000042300000142000003064481    4                       1         
G0793003000026716    2019032920190402826900000004230105320190306000414028024700100000000042300000142000003074481    4                       1         
G0793003000026716    2019032920190402826600000007135105320190306000205028011700100000000071350000142000003084481    4                       1         
G0793003000026716    2019032920190402826600000004230105320190405000995028147800100000000042300000142000003094481    4                       1         
G0793003000026716    2019032920190402826600000004230105320190405000110028083600100000000042300000142000003104481    4                       1         
G0793003000026716    2019032920190402826600000004230105320190306001007028071500100000000042300000142000003114481    4                       1         
G0793003000026716    2019032920190402826500000004811105320190405000925028142700100000000048110000142000003124481    4                       1         
G0793003000026716    2019032920190402826500000004811105320190306000092028004900100000000048110000142000003134481    4                       1         
G0793003000026716    2019032920190402826700000007878105320190405000947028144400100000000078780000142000003144481    4                       1         
G0793003000026716    2019032920190402826700000004230105320190405001050028151900100000000042300000142000003154481    4                       1         
G0793003000026716    2019032920190402826700000004230105320190405000784028131900100000000042300000142000003164481    4                       1         
G0793003000026716    2019032920190402826300000004230105320190405000469028105800100000000042300000142000003174481    4                       1         
G0793003000026716    2019032920190402826700000004230105320190405000732028126900100000000042300000142000003184481    4                       1         
G0793003000026716    2019032920190402826700000004230105320190306000297028017400100000000042300000142000003194481    4                       1         
G0793003000026716    2019032920190402826500000004316105320190405001090028155300100000000043160000142000003204481    4                       1         
G0793003000026716    2019032920190402826500000004230105320190405000757028129400100000000042300000142000003214481    4                       1         
G0793003000026716    2019032920190402826500000004230105320190306000789028054900100000000042300000142000003224481    4                       1         
G0793003000026716    2019032920190402826400000004323105320190405000340028097900100000000043230000142000003234481    4                       1         
G0793003000026716    2019032920190402826300000004811105320190306000548028034700100000000048110000142000003244481    4                       1         
G0793003000026716    2019032920190402826300000004230105320190405000859028137800100000000042300000142000003254481    4                       1         
G0793003000026716    2019032920190402826300000004230105320190405000530028110700100000000042300000142000003264481    4                       1         
G0793003000026716    2019032920190402826300000004230105320190405000490028107400100000000042300000142000003274481    4                       1         
G0793003000026716    2019032920190402826100000001395105320190405001039028151400100000000013950000142000003284481    4                       1         
G0793003000026716    2019032920190402826100000004322105320190405000245028092200100000000043220000142000003294481    4                       1         
G0793003000026716    2019032920190402826100000004230105320190405000275028093800100000000042300000142000003304481    4                       1         
G0793003000026716    2019032920190402826200000004811105320190405000092028082800100000000048110000142000003314481    4                       1         
G0793003000026716    2019032920190402826200000004315105320190405000742028127900100000000043150000142000003324481    4                       1         
G0793003000026716    2019032920190402826200000004230105320190405000789028132400100000000042300000142000003334481    4                       1         
G0793003000026716    2019032920190402826200000004230105320190405000403028101500100000000042300000142000003344481    4                       1         
G0793003000026716    2019032920190402826200000010850105320190405000336028097700100000000108500000142000003354481    4                       1         
G0793003000026716    2019032920190402826000000004811105320190405000948028144500100000000048110000142000003364481    4                       1         
G0793003000026716    2019032920190402826400000004230105320190405001024028150300100000000042300000142000003374481    4                       1         
G0793003000026716    2019032920190402826400000004230105320190405000829028135700100000000042300000142000003384481    4                       1         
G0793003000026716    2019032920190402826400000004230105320190405000668028121700100000000042300000142000003394481    4                       1         
G0793003000026716    2019032920190402826400000004230105320190405000385028100100100000000042300000142000003404481    4                       1         
G0793003000026716    2019032920190402826400000004230105320190405000224028090900100000000042300000142000003414481    4                       1         
G0793003000026716    2019032920190402826400000004230105320190405000207028089600100000000042300000142000003424481    4                       1         
G0793003000026716    2019032920190402826100000004287105320190401000616000910500100000000042870000142000003431141    4                       1         
G0793003000026716    2019032920190402826200000005478105320190401001525000974800100000000054780000142000003441141    4                       1         
G0793003000026716    2019032920190402826200000005050105320190103001442000467400100000000050500000142000003451141    4                       1         
G0793003000026716    2019032920190402826200000004440105320190301000848000761700100000000044400000142000003461141    4                       1         
G0793003000026716    2019032920190402826200000004411105320190301001189000786300100000000044110000142000003471141    4                       1         
G0793003000026716    2019032920190402826200000004375105320190401000151000873900100000000043750000142000003481141    4                       1         
G0793003000026716    2019032920190402826200000004295105320190401002197001021800100000000042950000142000003491141    4                       1         
G0793003000026716    2019032920190402826200000004290105320190401001457000970100100000000042900000142000003501141    4                       1         
G0793003000026716    2019032920190402826200000004281105320190401002203001022200100000000042810000142000003511141    4                       1         
G0793003000026716    2019032920190402826200000004264105320190401001358000964100100000000042640000142000003521141    4                       1         
G0793003000026716    2019032920190402826200000004200105320190201000712000585600100000000042000000142000003531141    4                       1         
G0793003000026716    2019032920190402826200000008891105320190401000926000933800100000000088910000142000003541141    4                       1         
G0793003000026716    2019032920190402826400000004274105320190401001938001002900100000000042740000142000003551141    4                       1         
G0793003000026716    2019032920190402826000000010869105320190401001689000985700100000000108690000142000003561141    4                       1         
G0793003000026716    2019032920190402826000000008540105320190301000068000702100100000000085400000142000003571141    4                       1         
G0793003000026716    2019032920190402826000000006860105320190401001864000997700100000000068600000142000003581141    4                       1         
G0793003000026716    2019032920190402826000000005640105320190301001174000785300100000000056400000142000003591141    4                       1         
G0793003000026716    2019032920190402826000000004290105320190401001369000964900100000000042900000142000003601141    4                       1         
G0793003000026716    2019032920190402826000000004286105320190401000021000864400100000000042860000142000003611141    4                       1         
G0793003000026716    2019032920190402826000000004283105320190401001330000962300100000000042830000142000003621141    4                       1         
G0793003000026716    2019032920190402826000000004283105320190401000567000906500100000000042830000142000003631141    4                       1         
G0793003000026716    2019032920190402826000000004275105320190401001594000978900100000000042750000142000003641141    4                       1         
G0793003000026716    2019032920190402826000000004271105320190401000669000914100100000000042710000142000003651141    4                       1         
G0793003000026716    2019032920190402826300000008730105320190301000008000697900100000000087300000142000003661141    4                       1         
G0793003000026716    2019032920190402826300000006700105320190301001128000781900100000000067000000142000003671141    4                       1         
G0793003000026716    2019032920190402826300000005611105320190301001972000839400100000000056110000142000003681141    4                       1         
G0793003000026716    2019032920190402826200000004200105320190412001577010737300100000000042000000142000003691829    4                       1         
G0793003000026716    2019032920190402826600000004260105320190412000641010664000100000000042600000142000003701829    4                       1         
G0793003000026716    2019032920190402826800000005694105320190412000421010649800100000000056940000142000003711829    4                       1         
G0793003000026716    2019032920190402826800000004396105320190314001078010575100100000000043960000142000003721829    4                       1         
G0793003000026716    2019032920190402826800000004396105320190314000414010531000100000000043960000142000003731829    4                       1         
G0793003000026716    2019032920190402826800000004290105320190412001558010723000100000000042900000142000003741829    4                       1         
G0793003000026716    2019032920190402826900000011134105320190412000602010661300100000000111340000142000003751829    4                       1         
G0793003000026716    2019032920190402826900000005462105320190412000210010635800100000000054620000142000003761829    4                       1         
G0793003000026716    2019032920190402826800000004290105320190412001135010696700100000000042900000142000003771829    4                       1         
G0793003000026716    2019032920190402826900000004395105320190314000507010536600100000000043950000142000003781829    4                       1         
G0793003000026716    2019032920190402826900000004390105320190314001149010579400100000000043900000142000003791829    4                       1         
G0793003000026716    2019032920190402826900000004353105320190314001440010598300100000000043530000142000003801829    4                       1         
G0793003000026716    2019032920190402826400000004230105320190405000198028088700100000000042300000142000003814481    4                       1         
G0793003000026716    2019032920190402826000000004230105320190405000971028146100100000000042300000142000003824481    4                       1         
G0793003000026716    2019032920190402826000000004230105320190306000680028045300100000000042300000142000003834481    4                       1         
G0793003000026716    2019032920190402826300000005004105320190405000960028145200100000000050040000142000003844481    4                       1         
G0793003000026716    2019032920190402826000000004230105320190405000946028144300100000000042300000142000003854481    4                       1         
G0793003000026716    2019032920190402826600000004276105320190404000294002660600100000000042760000142000003861116    4                       1         
G0793003000026716    2019032920190402826600000004190105320190404000449002667600100000000041900000142000003871116    4                       1         
G0793003000026716    2019032920190402826100000004381105320190314000770010556100100000000043810000142000003881829    4                       1         
G0793003000026716    2019032920190402826100000004290105320190412000081010626600100000000042900000142000003891829    4                       1         
G0793003000026716    2019032920190402826200000004400105320190314000172010514600100000000044000000142000003901829    4                       1         
G0793003000026716    2019032920190402826200000004350105320190214001577010486800100000000043500000142000003911829    4                       1         
G0793003000026716    2019032920190402826200000004290105320190412000657010665400100000000042900000142000003921829    4                       1         
G0793003000026716    2019032920190402826200000004290105320190412000364010646300100000000042900000142000003931829    4                       1         
G0793003000026716    2019032920190402826200000004290105320190412000295010641700100000000042900000142000003941829    4                       1         
G0793003000026716    2019032920190402826500000008873105320190304000196002609300100000000088730000142000003951116    4                       1         
G0793003000026716    2019032920190402826200000004290105320190412000058010625100100000000042900000142000003961829    4                       1         
G0793003000026716    2019032920190402826300000001343105320190404070022035863400100000000013430000142000003971829    4                       1         
G0793003000026716    2019032920190402826200000009406105320190412000954010686600100000000094060000142000003981829    4                       1         
G0793003000026716    2019032920190402826200000006864105320190412001777010736800100000000068640000142000003991829    4                       1         
G0793003000026716    2019032920190402826200000005721105320190314000544010539200100000000057210000142000004001829    4                       1         
G0793003000026716    2019032920190402826000000004456105320190314001290010588200100000000044560000142000004011829    4                       1         
G0793003000026716    2019032920190402826000000004290105320190412000430010650500100000000042900000142000004021829    4                       1         
G0793003000026716    2019032920190402826400000001100105320190412001519010721000100000000011000000142000004031829    4                       1         
G0793003000026716    2019032920190402826300000006700105320190214000442010412100100000000067000000142000004041829    4                       1         
G0793003000026716    2019032920190402826300000006471105320190314000442010533100100000000064710000142000004051829    4                       1         
G0793003000026716    2019032920190402826300000005562105320190314000169010514400100000000055620000142000004061829    4                       1         
G0793003000026716    2019032920190402826300000004314105320190404060587002810900100000000043140000142000004073738    4                       1         
G0793003000026716    2019032920190402826800000006648105320190304060646002710800100000000066480000142000004083738    4                       1         
G0793003000026716    2019032920190402826900000003888105320190404061171002862400100000000038880000142000004093738    4                       1         
G0793003000026716    2019032920190402826900000003838105320190404061136002859400100000000038380000142000004103738    4                       1         
G0793003000026716    2019032920190402826900000003838105320190404060401002795700100000000038380000142000004113738    4                       1         
G0793003000026716    2019032920190402826800000004802105320190404060713002821800100000000048020000142000004123738    4                       1         
G0793003000026716    2019032920190402826900000005542105320190304060514002699900100000000055420000142000004133738    4                       1         
G0793003000026716    2019032920190402826600000004800105320190321061284002765300100000000048000000142000004143738    4                       1         
G0793003000026716    2019032920190402826600000003982105320190304060515002700000100000000039820000142000004153738    4                       1         
G0793003000026716    2019032920190402826600000003829105320190404060870002836100100000000038290000142000004163738    4                       1         
G0793003000026716    2019032920190402826600000003838105320190404060443002799200100000000038380000142000004173738    4                       1         
G0793003000026716    2019032920190402826800000001227105320190304060891002733100100000000012270000142000004183738    4                       1         
G0793003000026716    2019032920190402826700000007200105320190404060876002836700100000000072000000142000004193738    4                       1         
G0793003000026716    2019032920190402826700000004882105320190404061072002853700100000000048820000142000004203738    4                       1         
G0793003000026716    2019032920190402826700000004098105320190404060428002797800100000000040980000142000004213738    4                       1         
G0793003000026716    2019032920190402826700000003982105320190304060418002691400100000000039820000142000004223738    4                       1         
G0793003000026716    2019032920190402826400000010464105320190404061017002849300100000000104640000142000004233738    4                       1         
G0793003000026716    2019032920190402826400000006424105320190304060876002731800100000000064240000142000004243738    4                       1         
G0793003000026716    2019032920190402826200000001110105320190404061181002863300100000000011100000142000004253738    4                       1         
G0793003000026716    2019032920190402826000000003880105320190404060218002780500100000000038800000142000004263738    4                       1         
G0793003000026716    2019032920190402826200000001110105320190404060575002810300100000000011100000142000004273738    4                       1         
G0793003000026716    2019032920190402826100000006462105320190404060452002800000100000000064620000142000004283738    4                       1         
G0793003000026716    2019032920190402826100000003976105320190304060689002714800100000000039760000142000004293738    4                       1         
G0793003000026716    2019032920190402826100000003850105320190404060179002777400100000000038500000142000004303738    4                       1         
G0793003000026716    2019032920190402826700000005434105320190404000167002654000100000000054340000142000004311116    4                       1         
G0793003000026716    2019032920190402826900000004322105320190314000410010530600100000000043220000142000004321829    4                       1         
G0793003000026716    2019032920190402826900000004309105320190412001584010724700100000000043090000142000004331829    4                       1         
G0793003000026716    2019032920190402826900000004290105320190412000699010668400100000000042900000142000004341829    4                       1         
G0793003000026716    2019032920190402826900000004290105320190412000296010641800100000000042900000142000004351829    4                       1         
G0793003000026716    2019032920190402826900000004274105320190314001374010593800100000000042740000142000004361829    4                       1         
G0793003000026716    2019032920190402826800000004280105320190314000929010566700100000000042800000142000004371829    4                       1         
G0793003000026716    2019032920190402826600000011053105320190412001019010690300100000000110530000142000004381829    4                       1         
G0793003000026716    2019032920190402826600000006610105320190412000522010655800100000000066100000142000004391829    4                       1         
G0793003000026716    2019032920190402826600000004406105320190314000849010562800100000000044060000142000004401829    4                       1         
G0793003000026716    2019032920190402826600000004393105320190314000237010519300100000000043930000142000004411829    4                       1         
G0793003000026716    2019032920190402826600000004391105320190412000630010663300100000000043910000142000004421829    4                       1         
G0793003000026716    2019032920190402826600000004290105320190412000703010668700100000000042900000142000004431829    4                       1         
G0793003000026716    2019032920190402826600000004290105320190412000052010624700100000000042900000142000004441829    4                       1         
G0793003000026716    2019032920190402826600000004271105320190412001231010702700100000000042710000142000004451829    4                       1         
G0793003000026716    2019032920190402826600000004200105320190412001318010738700100000000042000000142000004461829    4                       1         
G0793003000026716    2019032920190402826500000008480105320190412000771010674300100000000084800000142000004471829    4                       1         
G0793003000026716    2019032920190402826500000005631105320190314000288010522900100000000056310000142000004481829    4                       1         
G0793003000026716    2019032920190402826700000006483105320190314001352010591900100000000064830000142000004491829    4                       1         
G0793003000026716    2019032920190402826500000004871105320190412000205010635300100000000048710000142000004501829    4                       1         
G0793003000026716    2019032920190402826700000004450105320190214001149010459600100000000044500000142000004511829    4                       1         
G0793003000026716    2019032920190402826700000004290105320190412000757010673100100000000042900000142000004521829    4                       1         
G0793003000026716    2019032920190402826500000004723105320190412000607010661800100000000047230000142000004531829    4                       1         
G0793003000026716    2019032920190402826500000004437105320190412001072010693000100000000044370000142000004541829    4                       1         
G0793003000026716    2019032920190402826500000004400105320190314000931010566900100000000044000000142000004551829    4                       1         
G0793003000026716    2019032920190402826400000006940105320190314001762010617600100000000069400000142000004561829    4                       1         
G0793003000026716    2019032920190402826500000004293105320190412000964010687200100000000042930000142000004571829    4                       1         
G0793003000026716    2019032920190402826500000004290105320190412001678010730900100000000042900000142000004581829    4                       1         
G0793003000026716    2019032920190402826500000004290105320190412000999010689200100000000042900000142000004591829    4                       1         
G0793003000026716    2019032920190402826500000004290105320190412000920010684600100000000042900000142000004601829    4                       1         
G0793003000026716    2019032920190402826500000004290105320190412000516010655400100000000042900000142000004611829    4                       1         
G0793003000026716    2019032920190402826500000004281105320190412000144010631400100000000042810000142000004621829    4                       1         
G0793003000026716    2019032920190402826500000003722105320190412001095010694400100000000037220000142000004631829    4                       1         
G0793003000026716    2019032920190402826400000006886105320190412001762010735800100000000068860000142000004641829    4                       1         
G0793003000026716    2019032920190402826400000005950105320190314001525010621200100000000059500000142000004651829    4                       1         
G0793003000026716    2019032920190402826400000004871105320190412001150010697700100000000048710000142000004661829    4                       1         
G0793003000026716    2019032920190402826400000004389105320190314000001010502800100000000043890000142000004671829    4                       1         
G0793003000026716    2019032920190402826400000004376105320190412001169010698600100000000043760000142000004681829    4                       1         
G0793003000026716    2019032920190402826400000004277105320190412000861010681700100000000042770000142000004691829    4                       1         
G0793003000026716    2019032920190402826300000004405105320190314000456010533500100000000044050000142000004701829    4                       1         
G0793003000026716    2019032920190402826300000004290105320190412000317010643300100000000042900000142000004711829    4                       1         
G0793003000026716    2019032920190402826300000004264105320190412000213010636100100000000042640000142000004721829    4                       1         
G0793003000026716    2019032920190402826100000004390105320190314000359010527300100000000043900000142000004731829    4                       1         
G0793003000026716    2019032920190402826700000004190105320190404000204002656000100000000041900000142000004741116    4                       1         
G0793003000026716    2019032920190402826000000004190105320190404000610002677000100000000041900000142000004751116    4                       1         
G0793003000026716    2019032920190402826400000004279105320190404000698002681900100000000042790000142000004761116    4                       1         
G0793003000026716    2019032920190402826300000004190105320190404000495002670200100000000041900000142000004771116    4                       1         
G0793003000026716    2019032920190402826200000004358105320190304000449002622000100000000043580000142000004781116    4                       1         
G0793003000026716    2019032920190402826400000004190105320190404000314002661600100000000041900000142000004791116    4                       1         
G0793003000026716    2019032920190402826000000004811105320190306000416045034500100000000048110000142000004801829    4                       1         
G0793003000026716    2019032920190402826700000004230105320190405000097045067600100000000042300000142000004811829    4                       1         
G0793003000026716    2019032920190402826900000004230105320190405000533045104400100000000042300000142000004821829    4                       1         
G0793003000026716    2019032920190402826500000005973105320190306000355045029800100000000059730000142000004831829    4                       1         
G0793003000026716    2019032920190402826600000004315105320190405000338045087800100000000043150000142000004841829    4                       1         
G0793003000026716    2019032920190402826600000004325105320190405000551045106100100000000043250000142000004851829    4                       1         
G0793003000026716    2019032920190402826300000004230105320190306000444045037200100000000042300000142000004861829    4                       1         
G0793003000026716    2019032920190402826500000004230105320190306000227045019800100000000042300000142000004871829    4                       1         
G0793003000026716    2019032920190402826500000004230105320190306000459045038600100000000042300000142000004881829    4                       1         
G0793003000026716    2019032920190402826100000005973105320190306000309045026500100000000059730000142000004891829    4                       1         
G0793003000026716    2019032920190402826100000004230105320190405000675045116000100000000042300000142000004901829    4                       1         
G0793003000026716    2019032920190402826100000004230105320190405000545045105500100000000042300000142000004911829    4                       1         
G0793003000026716    2019032920190402826200000004110105320190325070155020318100100000000041100000142000004921829    4                       1         
G0793003000026716    2019032920190402826500000011322105320190325070397020333800100000000113220000142000004931829    4                       1         
G0793003000026716    2019032920190402826600000001354105320190325070066020312600100000000013540000142000004941829    4                       1         
G0793003000026716    2019032920190402826700000001481105320190225070397020307300100000000014810000142000004951829    4                       1         
G0793003000026716    2019032920190402826200000001284105320190325070050020311500100000000012840000142000004961829    4                       1         
G0793003000026716    2019032920190402826500000004110105320190325070087020313800100000000041100000142000004971829    4                       1         
G0793003000026716    2019032920190402826000000003640105320190325070031020310600100000000036400000142000004981829    4                       1         
G0793003000026716    2019032920190402826000000001322105320190325070375020332000100000000013220000142000004991829    4                       1         
G0793003000026716    2019032920190402826800000004811105320190315000512022188400100000000048110000142000005003738    4                       1         
G0793003000026716    2019032920190402826400000004371105320190315000160022157300100000000043710000142000005013738    4                       1         
G0793003000026716    2019032920190402826600000004260105320190215000203022090400100000000042600000142000005023738    4                       1         
G0793003000026716    2019032920190402826400000009364105320190315000513022188500100000000093640000142000005033738    4                       1         
G0793003000026716    2019032920190402826300000005403105320190215000557022122000100000000054030000142000005043738    4                       1         
G0793003000026716    2019032920190402826000000004332105320190315000237022164400100000000043320000142000005053738    4                       1         
G0793003000026716    2019032920190402826200000004336105320190315000704022204400100000000043360000142000005063738    4                       1         
Z00050800000000002412877                                                                                                                              
