A2201053              HIDROFORTETOCANTINS 104CAIXA ECON. FEDERAL 2019010500152403                                                                     
G0793003000026716    2019010420190107826200000004250105300100000060633002499000000000000042500000142000000013089    2                       1         
G0793003000026716    2019010420190107826800000003800105300100000060505002488900000000000038000000142000000023089    2                       1         
G0793003000026716    2019010420190107826000000003750105300100000060623002498100000000000037500000142000000033089    2                       1         
G0793003000026716    2019010420190107826700000009600105300100000060459002484900000000000096000000142000000040108    3                       1         
G0793003000026716    2019010420190107826200000003200105300100000005623006766800000000000032000000142000000050630    3                       1         
G0793003000026716    2019010420190107826000000010500105300100000070760081464300000000000105000000142000000060108    3                       1         
G0793003000026716    2019010420190107826300000004250105300100000070769035608100000000000042500000142000000073314    3                       1         
G0793003000026716    2019010420190107826300000004200105300100000070130035560500000000000042000000142000000081829    3                       1         
G0793003000026716    2019010420190107826100000010850105320181121000339014032600100000000108500000142000000093002    3                       1         
G0793003000026716    2019010420190108826200000001300105300100000070065020231800000000000013000000142000000100793    4                       1         
G0793003000026716    2019010420190108826300000005250105300100000071501081534600000000000052500000142000000113939    4                       1         
G0793003000026716    2019010420190108826300000005200105300100000071876081570300000000000052000000142000000123939    4                       1         
G0793003000026716    2019010420190108826300000004750105300100000071817081564600000000000047500000142000000133939    4                       1         
G0793003000026716    2019010420190108826300000004300105300100000071239081509300000000000043000000142000000143939    4                       1         
G0793003000026716    2019010420190108826300000004300105300100000070776081292400000000000043000000142000000153939    4                       1         
G0793003000026716    2019010420190108826900000004250105300100000071684081378400000000000042500000142000000163939    4                       1         
G0793003000026716    2019010420190108826900000004200105300100000071911081573800000000000042000000142000000173939    4                       1         
G0793003000026716    2019010420190108826900000004200105300100000071400081525200000000000042000000142000000183939    4                       1         
G0793003000026716    2019010420190108826900000004200105300100000070793081467500000000000042000000142000000193939    4                       1         
G0793003000026716    2019010420190108826900000004150105300100000070830081471000000000000041500000142000000203939    4                       1         
G0793003000026716    2019010420190108826900000004100105300100000071584081542100000000000041000000142000000213939    4                       1         
G0793003000026716    2019010420190108826900000004100105300100000071160081502100000000000041000000142000000223939    4                       1         
G0793003000026716    2019010420190108826600000003200105300100000004900006753700000000000032000000142000000231237    4                       1         
G0793003000026716    2019010420190108826000000001300105300100000070354020250700000000000013000000142000000241829    4                       1         
G0793003000026716    2019010420190108826800000013950105300100000070153020237300000000000139500000142000000251829    4                       1         
G0793003000026716    2019010420190108826400000004100105300100000070175035640500000000000041000000142000000261829    4                       1         
G0793003000026716    2019010420190108826800000004200105300100000070295035650400000000000042000000142000000271829    4                       1         
G0793003000026716    2019010420190108826800000004150105300100000070524035666600000000000041500000142000000281829    4                       1         
G0793003000026716    2019010420190108826800000004100105300100000070940035696200000000000041000000142000000291829    4                       1         
G0793003000026716    2019010420190108826300000005950105300100000070318035574400000000000059500000142000000301829    4                       1         
G0793003000026716    2019010420190108826700000004350105300100000070727035605500000000000043500000142000000311829    4                       1         
G0793003000026716    2019010420190108826000000008050105300100000070332035653000000000000080500000142000000321829    4                       1         
G0793003000026716    2019010420190108826900000001250105300100000070391035656900000000000012500000142000000331829    4                       1         
G0793003000026716    2019010420190108826800000001350105300100000070408020254400000000000013500000142000000341829    4                       1         
G0793003000026716    2019010420190108826000000003200105300100000005580006763600000000000032000000142000000351237    4                       1         
G0793003000026716    2019010420190108826900000004150105300100000070196035642400000000000041500000142000000361829    4                       1         
G0793003000026716    2019010420190108826700000006000105300100000002650006661300000000000060000000142000000374496    4                       1         
G0793003000026716    2019010420190108826300000004250105300100000070210035565400000000000042500000142000000381829    4                       1         
G0793003000026716    2019010420190108826100000004200105300100000070267035648200000000000042000000142000000391829    4                       1         
G0793003000026716    2019010420190108826400000011850105300100000070432035660100000000000118500000142000000401829    4                       1         
G0793003000026716    2019010420190108826400000008550105300100000070698035373400000000000085500000142000000411829    4                       1         
G0793003000026716    2019010420190108826400000007800105300100000070575035669900000000000078000000142000000421829    4                       1         
G0793003000026716    2019010420190108826100000003800105300100000060942002527000000000000038000000142000000432776    4                       1         
G0793003000026716    2019010420190108826600000006450105300100000070920035694600000000000064500000142000000441829    4                       1         
G0793003000026716    2019010420190108826300000004100105300100000070485035663900000000000041000000142000000451829    4                       1         
G0793003000026716    2019010420190108826400000004150105300100000070873035691600000000000041500000142000000461829    4                       1         
G0793003000026716    2019010420190108826400000004150105300100000070406035658000000000000041500000142000000471829    4                       1         
G0793003000026716    2019010420190108826300000004100105300100000070189035641700000000000041000000142000000481829    4                       1         
G0793003000026716    2019010420190108826700000004200105300100000070289035572100000000000042000000142000000491829    4                       1         
G0793003000026716    2019010420190108826700000004150105300100000070686035678200000000000041500000142000000501829    4                       1         
G0793003000026716    2019010420190108826700000004150105300100000070329035652800000000000041500000142000000511829    4                       1         
G0793003000026716    2019010420190108826700000004150105300100000070205035642900000000000041500000142000000521829    4                       1         
G0793003000026716    2019010420190108826800000007300105300100000070223020241700000000000073000000142000000530793    4                       1         
G0793003000026716    2019010420190108826300000004150105300100000070175020238500000000000041500000142000000541829    4                       1         
G0793003000026716    2019010420190108826800000006550105300100000070200020240100000000000065500000142000000551829    4                       1         
G0793003000026716    2019010420190108826400000004200105300100000070115020234800000000000042000000142000000561829    4                       1         
G0793003000026716    2019010420190108826600000005700105300100000070273020244600000000000057000000142000000571829    4                       1         
G0793003000026716    2019010420190108826200000004150105300100000070143020236600000000000041500000142000000581829    4                       1         
G0793003000026716    2019010420190108826200000001300105300100000070036020230200000000000013000000142000000591829    4                       1         
G0793003000026716    2019010420190108826200000004150105300100000070277020245000000000000041500000142000000601829    4                       1         
G0793003000026716    2019010420190108826500000004150105300100000070339020249900000000000041500000142000000611829    4                       1         
G0793003000026716    2019010420190108826700000004100105300100000070698035629500000000000041000000142000000621829    4                       1         
G0793003000026716    2019010420190108826900000004200105300100000070021035554700000000000042000000142000000631829    4                       1         
G0793003000026716    2019010420190108826500000001250105300100000070017035631800000000000012500000142000000641829    4                       1         
G0793003000026716    2019010420190108826700000004100105300100000070647035674800000000000041000000142000000651829    4                       1         
G0793003000026716    2019010420190108826700000004100105300100000070606035671900000000000041000000142000000661829    4                       1         
G0793003000026716    2019010420190108826700000004100105300100000070426035659600000000000041000000142000000671829    4                       1         
G0793003000026716    2019010420190108826600000004100105300100000070910035693700000000000041000000142000000681829    4                       1         
G0793003000026716    2019010420190108826900000009250105300100000070596035671300000000000092500000142000000691829    4                       1         
G0793003000026716    2019010420190108826100000003750105300100000060417002481000000000000037500000142000000703738    4                       1         
G0793003000026716    2019010420190108826500000004100105300100000070872035615800000000000041000000142000000711829    4                       1         
G0793003000026716    2019010420190108826400000007800105300100000060943002423100000000000078000000142000000723738    4                       1         
G0793003000026716    2019010420190108826400000006500105300100000061286002556900000000000065000000142000000733738    4                       1         
G0793003000026716    2019010420190108826700000003750105300100000060047002458500000000000037500000142000000743738    4                       1         
G0793003000026716    2019010420190108826300000003950105300100000061048002432500000000000039500000142000000753738    4                       1         
G0793003000026716    2019010420190108826300000003800105300100000060342002474800000000000038000000142000000763738    4                       1         
G0793003000026716    2019010420190108826300000003750105300100000061060002537000000000000037500000142000000773738    4                       1         
G0793003000026716    2019010420190108826700000001150105300100000061202002549500000000000011500000142000000783738    4                       1         
G0793003000026716    2019010420190108826600000012150105300100000060885002521800000000000121500000142000000793738    4                       1         
G0793003000026716    2019010420190108826600000005400105300100000061148002544600000000000054000000142000000803738    4                       1         
G0793003000026716    2019010420190108826600000005300105300100000061008002532800000000000053000000142000000813738    4                       1         
G0793003000026716    2019010420190108826600000004450105300100000060444002483500000000000044500000142000000823738    4                       1         
G0793003000026716    2019010420190108826700000004950105300100000060608002392800000000000049500000142000000833738    4                       1         
G0793003000026716    2019010420190108826700000004650105300100000061304002558700000000000046500000142000000843738    4                       1         
G0793003000026716    2019010420190108826200000009800105300100000060432002482300000000000098000000142000000853738    4                       1         
G0793003000026716    2019010420190108826200000008950105300100000060548001984100000000000089500000142000000863738    4                       1         
G0793003000026716    2019010420190108826200000006550105300100000060936002422400000000000065500000142000000873738    4                       1         
G0793003000026716    2019010420190108826700000003800105300100000060818002515900000000000038000000142000000883738    4                       1         
G0793003000026716    2019010420190108826200000003900105300100000061177002444100000000000039000000142000000893738    4                       1         
G0793003000026716    2019010420190108826200000003800105300100000060906002523800000000000038000000142000000903738    4                       1         
G0793003000026716    2019010420190108826200000003750105300100000060548002247300000000000037500000142000000913738    4                       1         
G0793003000026716    2019010420190108826900000007750105300100000060855002518900000000000077500000142000000923738    4                       1         
G0793003000026716    2019010420190108826900000007250105300100000061215002447600000000000072500000142000000933738    4                       1         
G0793003000026716    2019010420190108826900000006300105300100000061058002536800000000000063000000142000000943738    4                       1         
G0793003000026716    2019010420190108826200000004750105300100000061262002554600000000000047500000142000000953738    4                       1         
G0793003000026716    2019010420190108826100000004750105300100000060839002413500000000000047500000142000000963738    4                       1         
G0793003000026716    2019010420190108826100000004400105300100000061158002442500000000000044000000142000000973738    4                       1         
G0793003000026716    2019010420190108826500000004900105300100000061087002435800000000000049000000142000000983738    4                       1         
G0793003000026716    2019010420190108826500000004300105300100000061036002535200000000000043000000142000000993738    4                       1         
G0793003000026716    2019010420190108826600000003850105300100000060564002388900000000000038500000142000001003738    4                       1         
G0793003000026716    2019010420190108826600000003850105300100000060240002466300000000000038500000142000001013738    4                       1         
G0793003000026716    2019010420190108826600000003800105300100000060901002523400000000000038000000142000001023738    4                       1         
G0793003000026716    2019010420190108826600000003800105300100000060392002478900000000000038000000142000001033738    4                       1         
G0793003000026716    2019010420190108826600000003800105300100000060276002469500000000000038000000142000001043738    4                       1         
G0793003000026716    2019010420190108826000000005500105300100000060936002526400000000000055000000142000001053738    4                       1         
G0793003000026716    2019010420190108826000000003850105300100000060692002400200000000000038500000142000001063738    4                       1         
G0793003000026716    2019010420190108826000000003800105300100000060275002469400000000000038000000142000001073738    4                       1         
G0793003000026716    2019010420190108826000000003750105300100000060966002529000000000000037500000142000001083738    4                       1         
G0793003000026716    2019010420190108826000000003750105300100000060366002476900000000000037500000142000001093738    4                       1         
G0793003000026716    2019010420190108826500000010400105300100000061157002545500000000000104000000142000001103738    4                       1         
G0793003000026716    2019010420190108826900000010700105300100000070697035679000000000000107000000142000001111829    4                       1         
G0793003000026716    2019010420190108826200000011400105300100000070749035683000000000000114000000142000001121829    4                       1         
G0793003000026716    2019010420190108826600000004200105300100000070982035699500000000000042000000142000001131829    4                       1         
G0793003000026716    2019010420190108826600000004150105300100000070509035665700000000000041500000142000001141829    4                       1         
G0793003000026716    2019010420190108826400000028400105300100000060773002407800000000000284000000142000001153738    4                       1         
G0793003000026716    2019010420190108826700000005300105300100000060538002491300000000000053000000142000001163738    4                       1         
G0793003000026716    2019010420190108826400000003850105300100000060919002421100000000000038500000142000001173738    4                       1         
G0793003000026716    2019010420190108826800000003850105300100000060285002470200000000000038500000142000001183738    4                       1         
G0793003000026716    2019010420190108826900000003800105300100000060994002531600000000000038000000142000001193738    4                       1         
G0793003000026716    2019010420190108826900000003800105300100000060846002518000000000000038000000142000001203738    4                       1         
G0793003000026716    2019010420190108826800000004850105300100000061316002559800000000000048500000142000001213738    4                       1         
G0793003000026716    2019010420190108826100000004250105300100000060590002495300000000000042500000142000001223738    4                       1         
G0793003000026716    2019010420190108826100000003750105300100000061113002541600000000000037500000142000001233738    4                       1         
G0793003000026716    2019010420190108826500000006500105300100000070024035632200000000000065000000142000001241829    4                       1         
G0793003000026716    2019010420190108826100000003800105300100000060778002512300000000000038000000142000001253738    4                       1         
G0793003000026716    2019010420190108826100000003800105300100000060592002495500000000000038000000142000001263738    4                       1         
G0793003000026716    2019010420190108826500000007250105300100000060986002427000000000000072500000142000001273738    4                       1         
G0793003000026716    2019010420190108826800000003900105300100000060198002357400000000000039000000142000001283738    4                       1         
G0793003000026716    2019010420190108826800000007650105300100000060995002531700000000000076500000142000001293738    4                       1         
G0793003000026716    2019010420190108826900000003800105300100000060424002481600000000000038000000142000001303738    4                       1         
G0793003000026716    2019010420190108826900000003750105300100000061004002428700000000000037500000142000001313738    4                       1         
G0793003000026716    2019010420190108826300000005350105300100000060244002466700000000000053500000142000001323738    4                       1         
G0793003000026716    2019010420190108826400000003800105300100000060826002516500000000000038000000142000001333738    4                       1         
G0793003000026716    2019010420190108826400000003800105300100000060280002469800000000000038000000142000001343738    4                       1         
G0793003000026716    2019010420190108826800000003800105300100000060769002511500000000000038000000142000001353738    4                       1         
G0793003000026716    2019010420190108826800000003750105300100000061210002550300000000000037500000142000001363738    4                       1         
G0793003000026716    2019010420190108826300000004900105300100000060262002363200000000000049000000142000001373738    4                       1         
G0793003000026716    2019010420190108826900000003850105300100000060291002365600000000000038500000142000001383738    4                       1         
G0793003000026716    2019010420190108826200000004200105300100000070557035592400000000000042000000142000001391829    4                       1         
G0793003000026716    2019010420190108826200000004150105300100000070973035698800000000000041500000142000001401829    4                       1         
G0793003000026716    2019010420190108826600000004100105300100000071018035629600000000000041000000142000001411829    4                       1         
G0793003000026716    2019010420190108826500000004750105300100000070294035650300000000000047500000142000001421829    4                       1         
G0793003000026716    2019010420190108826600000003600105300100000070367035655300000000000036000000142000001431829    4                       1         
G0793003000026716    2019010420190108826600000001800105300100000070302035651000000000000018000000142000001441829    4                       1         
G0793003000026716    2019010420190108826500000004200105300100000070522035666400000000000042000000142000001451829    4                       1         
G0793003000026716    2019010420190108826500000004150105300100000070701035679300000000000041500000142000001461829    4                       1         
G0793003000026716    2019010420190108826500000004150105300100000070031035632600000000000041500000142000001471829    4                       1         
G0793003000026716    2019010420190108826300000006200105300100000061302002558500000000000062000000142000001483738    4                       1         
G0793003000026716    2019010420190108826900000003750105300100000060532002491000000000000037500000142000001493738    4                       1         
G0793003000026716    2019010420190108826900000004100105300100000071133081499500000000000041000000142000001503939    4                       1         
G0793003000026716    2019010420190108826400000004100105300100000071895081572200000000000041000000142000001513939    4                       1         
G0793003000026716    2019010420190108826400000004100105300100000071638081547400000000000041000000142000001523939    4                       1         
G0793003000026716    2019010420190108826900000004100105300100000070699081458400000000000041000000142000001533939    4                       1         
G0793003000026716    2019010420190108826900000004100105300100000070611081449700000000000041000000142000001543939    4                       1         
G0793003000026716    2019010420190108826400000004100105300100000071524081536400000000000041000000142000001553939    4                       1         
G0793003000026716    2019010420190108826400000004100105300100000071214081506900000000000041000000142000001563939    4                       1         
G0793003000026716    2019010420190108826900000004050105300100000071075081062400000000000040500000142000001573939    4                       1         
G0793003000026716    2019010420190108826900000001300105300100000070309081421400000000000013000000142000001583939    4                       1         
G0793003000026716    2019010420190108826900000001250105300100000071104081496600000000000012500000142000001593939    4                       1         
G0793003000026716    2019010420190108826900000001250105300100000070952081482200000000000012500000142000001603939    4                       1         
G0793003000026716    2019010420190108826400000004100105300100000070944081307900000000000041000000142000001613939    4                       1         
G0793003000026716    2019010420190108826400000004100105300100000070842081298600000000000041000000142000001623939    4                       1         
G0793003000026716    2019010420190108826300000004150105300100000071089081495200000000000041500000142000001633939    4                       1         
G0793003000026716    2019010420190108826300000004100105300100000071635081547100000000000041000000142000001643939    4                       1         
G0793003000026716    2019010420190108826300000004100105300100000071428081527800000000000041000000142000001653939    4                       1         
G0793003000026716    2019010420190108826300000004100105300100000071189081504600000000000041000000142000001663939    4                       1         
G0793003000026716    2019010420190108826300000004100105300100000070710081459400000000000041000000142000001673939    4                       1         
G0793003000026716    2019010420190108826300000004100105300100000070479081437300000000000041000000142000001683939    4                       1         
G0793003000026716    2019010420190108826300000001350105300100000070855081473400000000000013500000142000001693939    4                       1         
G0793003000026716    2019010420190108826700000001250105300100000070963081483100000000000012500000142000001703939    4                       1         
G0793003000026716    2019010420190108826600000041200105300100000071172081330000000000000412000000142000001713939    4                       1         
G0793003000026716    2019010420190108826600000010500105300100000071746081557700000000000105000000142000001723939    4                       1         
G0793003000026716    2019010420190108826600000010100105300100000070060081412200000000000101000000142000001733939    4                       1         
G0793003000026716    2019010420190108826600000004200105300100000071466081358000000000000042000000142000001743939    4                       1         
G0793003000026716    2019010420190108826700000004200105300100000071572081540900000000000042000000142000001753939    4                       1         
G0793003000026716    2019010420190108826700000004200105300100000070417081258100000000000042000000142000001763939    4                       1         
G0793003000026716    2019010420190108826700000004150105300100000070797081467900000000000041500000142000001773939    4                       1         
G0793003000026716    2019010420190108826700000004150105300100000070367081426900000000000041500000142000001783939    4                       1         
G0793003000026716    2019010420190108826700000004100105300100000071646081548200000000000041000000142000001793939    4                       1         
G0793003000026716    2019010420190108826700000004100105300100000071332081345400000000000041000000142000001803939    4                       1         
G0793003000026716    2019010420190108826700000004100105300100000070715081459900000000000041000000142000001813939    4                       1         
G0793003000026716    2019010420190108826700000004100105300100000070609081449500000000000041000000142000001823939    4                       1         
G0793003000026716    2019010420190108826300000001300105300100000071068081493300000000000013000000142000001833939    4                       1         
G0793003000026716    2019010420190108826800000022000105300100000071573081541000000000000220000000142000001843939    4                       1         
G0793003000026716    2019010420190108826800000010500105300100000071446081529500000000000105000000142000001853939    4                       1         
G0793003000026716    2019010420190108826800000009400105300100000071075081410200000000000094000000142000001863939    4                       1         
G0793003000026716    2019010420190108826800000007150105300100000070602081275400000000000071500000142000001873939    4                       1         
G0793003000026716    2019010420190108826800000006350105300100000071374081522600000000000063500000142000001883939    4                       1         
G0793003000026716    2019010420190108826800000005200105300100000070509081439900000000000052000000142000001893939    4                       1         
G0793003000026716    2019010420190108826800000004750105300100000071730081556100000000000047500000142000001903939    4                       1         
G0793003000026716    2019010420190108826900000001250105300100000070432081433200000000000012500000142000001913939    4                       1         
G0793003000026716    2019010420190108826100000004200105300100000071777081387200000000000042000000142000001923939    4                       1         
G0793003000026716    2019010420190108826100000004200105300100000070759081464200000000000042000000142000001933939    4                       1         
G0793003000026716    2019010420190108826100000004200105300100000070732081288000000000000042000000142000001943939    4                       1         
G0793003000026716    2019010420190108826100000004100105300100000071896081572300000000000041000000142000001953939    4                       1         
G0793003000026716    2019010420190108826100000004100105300100000071345081519900000000000041000000142000001963939    4                       1         
G0793003000026716    2019010420190108826100000004100105300100000070870081474800000000000041000000142000001973939    4                       1         
G0793003000026716    2019010420190108826100000002550105300100000070815081469500000000000025500000142000001983939    4                       1         
G0793003000026716    2019010420190108826100000002500105300100000071761081385700000000000025000000142000001993939    4                       1         
G0793003000026716    2019010420190108826000000016150105300100000071185081331100000000000161500000142000002003939    4                       1         
G0793003000026716    2019010420190108826000000010000105300100000071111081497300000000000100000000142000002013939    4                       1         
G0793003000026716    2019010420190108826000000006650105300100000070393081429500000000000066500000142000002023939    4                       1         
G0793003000026716    2019010420190108826000000006550105300100000071840081393500000000000065500000142000002033939    4                       1         
G0793003000026716    2019010420190108826400000006450105300100000070281081245300000000000064500000142000002043939    4                       1         
G0793003000026716    2019010420190108826400000005350105300100000070435081259800000000000053500000142000002053939    4                       1         
G0793003000026716    2019010420190108826400000004650105300100000071212081506700000000000046500000142000002063939    4                       1         
G0793003000026716    2019010420190108826300000001300105300100000070865081474300000000000013000000142000002073939    4                       1         
G0793003000026716    2019010420190108826500000004200105300100000070678081456400000000000042000000142000002083939    4                       1         
G0793003000026716    2019010420190108826300000001250105300100000071927081575400000000000012500000142000002093939    4                       1         
G0793003000026716    2019010420190108826500000004200105300100000070320081249100000000000042000000142000002103939    4                       1         
G0793003000026716    2019010420190108826500000004100105300100000071338081519200000000000041000000142000002113939    4                       1         
G0793003000026716    2019010420190108826500000004100105300100000071256081511000000000000041000000142000002123939    4                       1         
G0793003000026716    2019010420190108826500000004100105300100000071101081496300000000000041000000142000002133939    4                       1         
G0793003000026716    2019010420190108826300000001250105300100000071038081490300000000000012500000142000002143939    4                       1         
G0793003000026716    2019010420190108826300000001250105300100000070528081441700000000000012500000142000002153939    4                       1         
G0793003000026716    2019010420190108826300000001250105300100000070403081430400000000000012500000142000002163939    4                       1         
G0793003000026716    2019010420190108826500000003050105300100000070321081249200000000000030500000142000002173939    4                       1         
G0793003000026716    2019010420190108826500000001800105300100000071603081544000000000000018000000142000002183939    4                       1         
G0793003000026716    2019010420190108826500000001300105300100000070249081415600000000000013000000142000002193939    4                       1         
G0793003000026716    2019010420190108826500000001250105300100000070338081424200000000000012500000142000002203939    4                       1         
G0793003000026716    2019010420190108826000000005350105300100000071314081343600000000000053500000142000002213939    4                       1         
G0793003000026716    2019010420190108826000000004250105300100000071257081511100000000000042500000142000002223939    4                       1         
G0793003000026716    2019010420190108826200000014850105300100000070664081455000000000000148500000142000002233939    4                       1         
G0793003000026716    2019010420190108826200000010800105300100000071653081548900000000000108000000142000002243939    4                       1         
G0793003000026716    2019010420190108826200000010500105300100000070466081262700000000000105000000142000002253939    4                       1         
G0793003000026716    2019010420190108826200000006250105300100000070466081436300000000000062500000142000002263939    4                       1         
G0793003000026716    2019010420190108826900000019250105300100000071488081533300000000000192500000142000002273939    4                       1         
G0793003000026716    2019010420190108826900000016850105300100000071656081549200000000000168500000142000002283939    4                       1         
G0793003000026716    2019010420190108826900000011650105300100000071832081566100000000000116500000142000002293939    4                       1         
G0793003000026716    2019010420190108826000000004200105300100000071835081566400000000000042000000142000002303939    4                       1         
G0793003000026716    2019010420190108826000000004200105300100000071073081320300000000000042000000142000002313939    4                       1         
G0793003000026716    2019010420190108826000000004150105300100000071829081565800000000000041500000142000002323939    4                       1         
G0793003000026716    2019010420190108826000000004100105300100000071707081553900000000000041000000142000002333939    4                       1         
G0793003000026716    2019010420190108826000000004100105300100000071608081544500000000000041000000142000002343939    4                       1         
G0793003000026716    2019010420190108826000000001800105300100000070905081478100000000000018000000142000002353939    4                       1         
G0793003000026716    2019010420190108826000000001300105300100000071232081508600000000000013000000142000002363939    4                       1         
G0793003000026716    2019010420190108826000000001300105300100000070866081474400000000000013000000142000002373939    4                       1         
G0793003000026716    2019010420190108826500000016050105300100000071746081384300000000000160500000142000002383939    4                       1         
G0793003000026716    2019010420190108826500000013400105300100000070529081268300000000000134000000142000002393939    4                       1         
G0793003000026716    2019010420190108826500000013100105300100000071218081507200000000000131000000142000002403939    4                       1         
G0793003000026716    2019010420190108826500000012550105300100000071377081522900000000000125500000142000002413939    4                       1         
G0793003000026716    2019010420190108826500000011500105300100000071072081320200000000000115000000142000002423939    4                       1         
G0793003000026716    2019010420190108826500000010500105300100000071550081538700000000000105000000142000002433939    4                       1         
G0793003000026716    2019010420190108826500000010500105300100000071444081529300000000000105000000142000002443939    4                       1         
G0793003000026716    2019010420190108826500000007850105300100000071522081536200000000000078500000142000002453939    4                       1         
G0793003000026716    2019010420190108826000000001250105300100000071085081494800000000000012500000142000002463939    4                       1         
G0793003000026716    2019010420190108826200000004100105300100000071209081506400000000000041000000142000002473939    4                       1         
G0793003000026716    2019010420190108826200000004100105300100000070768081465100000000000041000000142000002483939    4                       1         
G0793003000026716    2019010420190108826200000004100105300100000070574081446000000000000041000000142000002493939    4                       1         
G0793003000026716    2019010420190108826900000008600105300100000070932081480600000000000086000000142000002503939    4                       1         
G0793003000026716    2019010420190108826200000003300105300100000005441006687100000000000033000000142000002510793    4                       1         
G0793003000026716    2019010420190108826700000003100105300100000005260006757100000000000031000000142000002520793    4                       1         
G0793003000026716    2019010420190108826300000009350105300100000071213081506800000000000093500000142000002533939    4                       1         
G0793003000026716    2019010420190108826500000003100105300100000005095006755800000000000031000000142000002540793    4                       1         
G0793003000026716    2019010420190108826000000003100105300100000005000006754800000000000031000000142000002550793    4                       1         
G0793003000026716    2019010420190108826800000004100105300100000071190081504700000000000041000000142000002563939    4                       1         
G0793003000026716    2019010420190108826800000004100105300100000070980081484700000000000041000000142000002573939    4                       1         
G0793003000026716    2019010420190108826700000010900105300100000071461081530700000000000109000000142000002583939    4                       1         
G0793003000026716    2019010420190108826700000006900105300100000071360081521300000000000069000000142000002593939    4                       1         
G0793003000026716    2019010420190108826400000004200105300100000070104035637500000000000042000000142000002601829    4                       1         
G0793003000026716    2019010420190108826800000003200105300100000005280006757300000000000032000000142000002610793    4                       1         
G0793003000026716    2019010420190108826700000003200105300100000004970006682700000000000032000000142000002620793    4                       1         
G0793003000026716    2019010420190108826400000004100105300100000070607081449300000000000041000000142000002633939    4                       1         
G0793003000026716    2019010420190108826700000003100105300100000005325006757700000000000031000000142000002640793    4                       1         
G0793003000026716    2019010420190108826800000004150105300100000070868081474600000000000041500000142000002653939    4                       1         
G0793003000026716    2019010420190108826800000001300105300100000070969081483700000000000013000000142000002663939    4                       1         
G0793003000026716    2019010420190108826800000001250105300100000071749081558000000000000012500000142000002673939    4                       1         
G0793003000026716    2019010420190108826400000004100105300100000070337081424100000000000041000000142000002683939    4                       1         
G0793003000026716    2019010420190108826500000005350105300100000005270006757200000000000053500000142000002690793    4                       1         
G0793003000026716    2019010420190108826800000004150105300100000071300081515400000000000041500000142000002703939    4                       1         
G0793003000026716    2019010420190108826800000004150105300100000070877081475500000000000041500000142000002713939    4                       1         
G0793003000026716    2019010420190108826800000001250105300100000070740081462300000000000012500000142000002723939    4                       1         
G0793003000026716    2019010420190108826800000001250105300100000070731081461400000000000012500000142000002733939    4                       1         
G0793003000026716    2019010420190108826800000004100105300100000071906081573300000000000041000000142000002743939    4                       1         
G0793003000026716    2019010420190108826600000003200105300100000004840006753400000000000032000000142000002750793    4                       1         
G0793003000026716    2019010420190108826500000003200105300100000005578006691900000000000032000000142000002760793    4                       1         
G0793003000026716    2019010420190108826500000004100105300100000070870035691300000000000041000000142000002773738    4                       1         
G0793003000026716    2019010420190108826600000001250105300100000070864081474200000000000012500000142000002783939    4                       1         
G0793003000026716    2019010420190108826700000014400105300100000071559081366200000000000144000000142000002793939    4                       1         
G0793003000026716    2019010420190108826700000014350105300100000071459081357300000000000143500000142000002803939    4                       1         
G0793003000026716    2019010420190108826700000005800105300100000071903081573000000000000058000000142000002813939    4                       1         
G0793003000026716    2019010420190108826700000005800105300100000071244081509800000000000058000000142000002823939    4                       1         
G0793003000026716    2019010420190108826400000001250105300100000070418081431900000000000012500000142000002833939    4                       1         
G0793003000026716    2019010420190108826300000010100105300100000071459081530500000000000101000000142000002843939    4                       1         
G0793003000026716    2019010420190108826200000001400105300100000070261081416800000000000014000000142000002853939    4                       1         
G0793003000026716    2019010420190108826200000001250105300100000071022081488900000000000012500000142000002863939    4                       1         
G0793003000026716    2019010420190108826200000001250105300100000070656081454200000000000012500000142000002873939    4                       1         
G0793003000026716    2019010420190108826100000010700105300100000071489081533400000000000107000000142000002883939    4                       1         
G0793003000026716    2019010420190108826100000010500105300100000071563081540000000000000105000000142000002893939    4                       1         
G0793003000026716    2019010420190108826100000009700105300100000070778081292600000000000097000000142000002903939    4                       1         
G0793003000026716    2019010420190108826100000009350105300100000071857081395200000000000093500000142000002913939    4                       1         
G0793003000026716    2019010420190108826200000005800105300100000071721081381800000000000058000000142000002923939    4                       1         
G0793003000026716    2019010420190108826100000008800105300100000070497081438900000000000088000000142000002933939    4                       1         
G0793003000026716    2019010420190108826100000008300105300100000070576081272800000000000083000000142000002943939    4                       1         
G0793003000026716    2019010420190108826100000007900105300100000071230081335200000000000079000000142000002953939    4                       1         
G0793003000026716    2019010420190108826100000006450105300100000071638081374000000000000064500000142000002963939    4                       1         
G0793003000026716    2019010420190108826100000006100105300100000071383081523500000000000061000000142000002973939    4                       1         
G0793003000026716    2019010420190108826200000004200105300100000071804081563300000000000042000000142000002983939    4                       1         
G0793003000026716    2019010420190108826600000004200105300100000071158081501900000000000042000000142000002993939    4                       1         
G0793003000026716    2019010420190108826600000004200105300100000071048081317800000000000042000000142000003003939    4                       1         
G0793003000026716    2019010420190108826600000004150105300100000070370081427200000000000041500000142000003013939    4                       1         
G0793003000026716    2019010420190108826600000004150105300100000070175081414300000000000041500000142000003023939    4                       1         
G0793003000026716    2019010420190108826600000004100105300100000071612081544900000000000041000000142000003033939    4                       1         
G0793003000026716    2019010420190108826200000004200105300100000071091081149500000000000042000000142000003043939    4                       1         
G0793003000026716    2019010420190108826200000004200105300100000070842081472100000000000042000000142000003053939    4                       1         
G0793003000026716    2019010420190108826200000004200105300100000070408081430900000000000042000000142000003063939    4                       1         
G0793003000026716    2019010420190108826200000004150105300100000071816081564500000000000041500000142000003073939    4                       1         
G0793003000026716    2019010420190108826200000004150105300100000070340081424400000000000041500000142000003083939    4                       1         
G0793003000026716    2019010420190108826200000004150105300100000070330081423500000000000041500000142000003093939    4                       1         
G0793003000026716    2019010420190108826200000004150105300100000070222081415100000000000041500000142000003103939    4                       1         
G0793003000026716    2019010420190108826200000004100105300100000071862081569000000000000041000000142000003113939    4                       1         
G0793003000026716    2019010420190108826900000004400105300100000071634081373600000000000044000000142000003123939    4                       1         
G0793003000026716    2019010420190108826400000004100105300100000070681081456700000000000041000000142000003133939    4                       1         
G0793003000026716    2019010420190108826200000004100105300100000071601081543800000000000041000000142000003143939    4                       1         
G0793003000026716    2019010420190108826200000004100105300100000071514081535600000000000041000000142000003153939    4                       1         
G0793003000026716    2019010420190108826200000004100105300100000071356081521000000000000041000000142000003163939    4                       1         
G0793003000026716    2019010420190108826600000004100105300100000071576081541300000000000041000000142000003173939    4                       1         
G0793003000026716    2019010420190108826600000004100105300100000071188081504500000000000041000000142000003183939    4                       1         
G0793003000026716    2019010420190108826600000004100105300100000070454081261600000000000041000000142000003193939    4                       1         
G0793003000026716    2019010420190108826500000006750105300100000071075081147900000000000067500000142000003203939    4                       1         
G0793003000026716    2019010420190108826500000006500105300100000070782081466500000000000065000000142000003213939    4                       1         
G0793003000026716    2019010420190108826500000006450105300100000071422081354000000000000064500000142000003223939    4                       1         
G0793003000026716    2019010420190108826500000005200105300100000071016081488300000000000052000000142000003233939    4                       1         
G0793003000026716    2019010420190108826500000004650105300100000071093081495500000000000046500000142000003243939    4                       1         
G0793003000026716    2019010420190108826500000004300105300100000071557081366000000000000043000000142000003253939    4                       1         
G0793003000026716    2019010420190108826500000004250105300100000071676081377600000000000042500000142000003263939    4                       1         
G0793003000026716    2019010420190108826500000004200105300100000071241081509500000000000042000000142000003273939    4                       1         
G0793003000026716    2019010420190108826700000007750105300100000061134002543500000000000077500000142000003283738    4                       1         
G0793003000026716    2019010420190108826000000004150105300100000070449035661400000000000041500000142000003291829    4                       1         
G0793003000026716    2019010420190108826000000004150105300100000070224035644500000000000041500000142000003301829    4                       1         
G0793003000026716    2019010420190108826600000003100105300100000005815006772200000000000031000000142000003313863    4                       1         
G0793003000026716    2019010420190108826800000004150105300100000005800006700600000000000041500000142000003323863    4                       1         
G0793003000026716    2019010420190108826700000007550105300100000005996006706500000000000075500000142000003333863    4                       1         
G0793003000026716    2019010420190108826400000003100105300100000001950006726800000000000031000000142000003343863    4                       1         
G0793003000026716    2019010420190108826400000003100105300100000001550006723200000000000031000000142000003353863    4                       1         
G0793003000026716    2019010420190108826300000004950105300100000003480006669500000000000049500000142000003363863    4                       1         
G0793003000026716    2019010420190108826900000003450105300100000005649006768700000000000034500000142000003373863    4                       1         
G0793003000026716    2019010420190108826900000003200105300100000003740006671800000000000032000000142000003383863    4                       1         
G0793003000026716    2019010420190108826900000003200105300100000002820006734800000000000032000000142000003393863    4                       1         
G0793003000026716    2019010420190108826900000003100105300100000004020006745900000000000031000000142000003403863    4                       1         
G0793003000026716    2019010420190108826900000003100105300100000003930006745000000000000031000000142000003413863    4                       1         
G0793003000026716    2019010420190108826800000007700105300100000004180006675700000000000077000000142000003423863    4                       1         
G0793003000026716    2019010420190108826800000006350105300100000005637006767700000000000063500000142000003433863    4                       1         
G0793003000026716    2019010420190108826800000004800105300100000002660006733200000000000048000000142000003443863    4                       1         
G0793003000026716    2019010420190108826100000003800105300100000005606006694000000000000038000000142000003453863    4                       1         
G0793003000026716    2019010420190108826100000003700105300100000000658006714700000000000037000000142000003463863    4                       1         
G0793003000026716    2019010420190108826000000009700105300100000006024006779900000000000097000000142000003473863    4                       1         
G0793003000026716    2019010420190108826400000006150105300100000004260006676400000000000061500000142000003483863    4                       1         
G0793003000026716    2019010420190108826400000005100105300100000001080006718700000000000051000000142000003493863    4                       1         
G0793003000026716    2019010420190108826400000004800105300100000001330006649600000000000048000000142000003503863    4                       1         
G0793003000026716    2019010420190108826700000003700105300100000005962006775700000000000037000000142000003513863    4                       1         
G0793003000026716    2019010420190108826300000003500105300100000001130006719300000000000035000000142000003523863    4                       1         
G0793003000026716    2019010420190108826300000003300105300100000002941006664000000000000033000000142000003533863    4                       1         
G0793003000026716    2019010420190108826600000006550105300100000003410006740700000000000065500000142000003543863    4                       1         
G0793003000026716    2019010420190108826600000006450105300100000000770006715800000000000064500000142000003553863    4                       1         
G0793003000026716    2019010420190108826700000004800105300100000003690006671500000000000048000000142000003563863    4                       1         
G0793003000026716    2019010420190108826200000003600105300100000005931006631600000000000036000000142000003573863    4                       1         
G0793003000026716    2019010420190108826900000008250105300100000002560006732500000000000082500000142000003583863    4                       1         
G0793003000026716    2019010420190108826200000003250105300100000001950006655100000000000032500000142000003593863    4                       1         
G0793003000026716    2019010420190108826200000003100105300100000003320006740000000000000031000000142000003603863    4                       1         
G0793003000026716    2019010420190108826900000006350105300100000005631006695800000000000063500000142000003613863    4                       1         
G0793003000026716    2019010420190108826900000004850105300100000002330006658600000000000048500000142000003623863    4                       1         
G0793003000026716    2019010420190108826200000004800105300100000004040006746100000000000048000000142000003633863    4                       1         
G0793003000026716    2019010420190108826200000004700105300100000003390006668700000000000047000000142000003643863    4                       1         
G0793003000026716    2019010420190108826100000004700105300100000001430006722300000000000047000000142000003653863    4                       1         
G0793003000026716    2019010420190108826500000004700105300100000000810006716100000000000047000000142000003663863    4                       1         
G0793003000026716    2019010420190108826600000003250105300100000002900006663800000000000032500000142000003673863    4                       1         
G0793003000026716    2019010420190108826600000003100105300100000004630006751700000000000031000000142000003683863    4                       1         
G0793003000026716    2019010420190108826500000007500105300100000005331006686100000000000075000000142000003690793    4                       1         
G0793003000026716    2019010420190108826800000004100105300100000071897081572400000000000041000000142000003703939    4                       1         
G0793003000026716    2019010420190108826800000004100105300100000070775081465800000000000041000000142000003713939    4                       1         
G0793003000026716    2019010420190108826800000004100105300100000071407081525900000000000041000000142000003723939    4                       1         
G0793003000026716    2019010420190108826800000003450105300100000070948081481800000000000034500000142000003733939    4                       1         
G0793003000026716    2019010420190108826700000007500105300100000060365002476800000000000075000000142000003743738    4                       1         
G0793003000026716    2019010420190108826600000003750105300100000060401002479800000000000037500000142000003753738    4                       1         
G0793003000026716    2019010420190108826400000003750105300100000060496002488200000000000037500000142000003763738    4                       1         
G0793003000026716    2019010420190108826400000003750105300100000060345002475100000000000037500000142000003773738    4                       1         
G0793003000026716    2019010420190108826100000007850105320190114000823010317300100000000078500000142000003781829    4                       1         
G0793003000026716    2019010420190108826100000006550105320181213000173010142800100000000065500000142000003791829    4                       1         
G0793003000026716    2019010420190108826100000005350105320181213000682010179500100000000053500000142000003801829    4                       1         
G0793003000026716    2019010420190108826100000004900105320190114000846010319200100000000049000000142000003811829    4                       1         
G0793003000026716    2019010420190108826100000004800105320190114000819010317000100000000048000000142000003821829    4                       1         
G0793003000026716    2019010420190108826200000004200105320190114000920010323600100000000042000000142000003831829    4                       1         
G0793003000026716    2019010420190108826200000004200105320190114000243010275500100000000042000000142000003841829    4                       1         
G0793003000026716    2019010420190108826500000004200105320190114000279010278100100000000042000000142000003851829    4                       1         
G0793003000026716    2019010420190108826000000004300105320190114001302010346600100000000043000000142000003861829    4                       1         
G0793003000026716    2019010420190108826700000005350105320181114001006010075800100000000053500000142000003871829    4                       1         
G0793003000026716    2019010420190108826700000004300105320190103000298000381200100000000043000000142000003881141    4                       1         
G0793003000026716    2019010420190108826700000004200105320181221000642014148900100000000042000000142000003893089    4                       1         
G0793003000026716    2019010420190108826100000003850105320181206000457095557300100000000038500000142000003904481    4                       1         
G0793003000026716    2019010420190108826000000010700105320190103000749002545400100000000107000000142000003910996    4                       1         
G0793003000026716    2019010420190108826100000004300105320181221000935014173400100000000043000000142000003923089    4                       1         
G0793003000026716    2019010420190108826300000004200105320181121000766014071700100000000042000000142000003933089    4                       1         
G0793003000026716    2019010420190108826800000012150105320190103000576000404600100000000121500000142000003941141    4                       1         
G0793003000026716    2019010420190108826800000011050105320190103001851000496900100000000110500000142000003951141    4                       1         
G0793003000026716    2019010420190108826800000003850105320181206000902095600800100000000038500000142000003964481    4                       1         
G0793003000026716    2019010420190108826700000003850105320181107000459000045400100000000038500000142000003974481    4                       1         
G0793003000026716    2019010420190108826800000010850105320181203001217000281900100000000108500000142000003981141    4                       1         
G0793003000026716    2019010420190108826800000007400105320190103001788000492300100000000074000000142000003991141    4                       1         
G0793003000026716    2019010420190108826800000006550105320181203001450000299300100000000065500000142000004001141    4                       1         
G0793003000026716    2019010420190108826800000005950105320190103000795000421600100000000059500000142000004011141    4                       1         
G0793003000026716    2019010420190108826800000004900105320190103000619000408400100000000049000000142000004021141    4                       1         
G0793003000026716    2019010420190108826800000004900105320181203000361000212100100000000049000000142000004031141    4                       1         
G0793003000026716    2019010420190108826800000004300105320190103001801000493300100000000043000000142000004041141    4                       1         
G0793003000026716    2019010420190108826800000004300105320190103000959000434000100000000043000000142000004051141    4                       1         
G0793003000026716    2019010420190108826800000004200105320190103002166000519200100000000042000000142000004061141    4                       1         
G0793003000026716    2019010420190108826800000004200105320190103002012000508600100000000042000000142000004071141    4                       1         
G0793003000026716    2019010420190108826800000004200105320190103001663000483300100000000042000000142000004081141    4                       1         
G0793003000026716    2019010420190108826800000004200105320190103000982000435500100000000042000000142000004091141    4                       1         
G0793003000026716    2019010420190108826800000004200105320190103000853000425900100000000042000000142000004101141    4                       1         
G0793003000026716    2019010420190108826800000004200105320181203001189000279800100000000042000000142000004111141    4                       1         
G0793003000026716    2019010420190108826800000004200105320181203000036000186300100000000042000000142000004121141    4                       1         
G0793003000026716    2019010420190108826100000004300105320190103000992000436200100000000043000000142000004131141    4                       1         
G0793003000026716    2019010420190108826100000004300105320190103000695000413500100000000043000000142000004141141    4                       1         
G0793003000026716    2019010420190108826100000004300105320190103000598000406400100000000043000000142000004151141    4                       1         
G0793003000026716    2019010420190108826100000004200105320190103000484000396400100000000042000000142000004161141    4                       1         
G0793003000026716    2019010420190108826100000004200105320181101001650000135500100000000042000000142000004171141    4                       1         
G0793003000026716    2019010420190108826000000009350105320181203001301000288200100000000093500000142000004181141    4                       1         
G0793003000026716    2019010420190108826000000008450105320181203000008000183900100000000084500000142000004191141    4                       1         
G0793003000026716    2019010420190108826000000006550105320190103001072000442000100000000065500000142000004201141    4                       1         
G0793003000026716    2019010420190108826400000012000105320190103001217000452600100000000120000000142000004211141    4                       1         
G0793003000026716    2019010420190108826400000008700105320190103000145000369700100000000087000000142000004221141    4                       1         
G0793003000026716    2019010420190108826400000007850105320190103001450000468100100000000078500000142000004231141    4                       1         
G0793003000026716    2019010420190108826400000004300105320190103000116000367700100000000043000000142000004241141    4                       1         
G0793003000026716    2019010420190108826400000004200105320190103000997000524000100000000042000000142000004251141    4                       1         
G0793003000026716    2019010420190108826400000004200105320181203001047000268300100000000042000000142000004261141    4                       1         
G0793003000026716    2019010420190108826400000004200105320181203000848000252800100000000042000000142000004271141    4                       1         
G0793003000026716    2019010420190108826400000004200105320181203000250000202900100000000042000000142000004281141    4                       1         
G0793003000026716    2019010420190108826600000004900105320190103001562000475600100000000049000000142000004291141    4                       1         
G0793003000026716    2019010420190108826600000004300105320190103000871000427300100000000043000000142000004301141    4                       1         
G0793003000026716    2019010420190108826600000004300105320190103000803000422200100000000043000000142000004311141    4                       1         
G0793003000026716    2019010420190108826600000004200105320190103002123000527400100000000042000000142000004321141    4                       1         
G0793003000026716    2019010420190108826600000004200105320190103002072000512300100000000042000000142000004331141    4                       1         
G0793003000026716    2019010420190108826600000004200105320190103000337000384300100000000042000000142000004341141    4                       1         
G0793003000026716    2019010420190108826600000004200105320181203001764000322900100000000042000000142000004351141    4                       1         
G0793003000026716    2019010420190108826600000004200105320181203001366000293300100000000042000000142000004361141    4                       1         
G0793003000026716    2019010420190108826600000004200105320181203001292000287600100000000042000000142000004371141    4                       1         
G0793003000026716    2019010420190108826800000004150105320190103000599002535500100000000041500000142000004381116    4                       1         
G0793003000026716    2019010420190108826400000003850105320181206000269095539200100000000038500000142000004394481    4                       1         
G0793003000026716    2019010420190108826500000004300105320190103000049000363000100000000043000000142000004401141    4                       1         
G0793003000026716    2019010420190108826700000004300105320190103000822000423900100000000043000000142000004411141    4                       1         
G0793003000026716    2019010420190108826700000011100105320181203002002000342000100000000111000000142000004421141    4                       1         
G0793003000026716    2019010420190108826900000004400105320190103000889000428500100000000044000000142000004431141    4                       1         
G0793003000026716    2019010420190108826300000041900105320181203001375000294100100000000419000000142000004441141    4                       1         
G0793003000026716    2019010420190108826300000003850105320181107000358000035300100000000038500000142000004454481    4                       1         
G0793003000026716    2019010420190108826100000003900105320181206001076095618100100000000039000000142000004464481    4                       1         
G0793003000026716    2019010420190108826300000003850105320181206001063095616800100000000038500000142000004474481    4                       1         
G0793003000026716    2019010420190108826700000003850105320181206000984095609000100000000038500000142000004484481    4                       1         
G0793003000026716    2019010420190108826200000003850105320181107000871000086600100000000038500000142000004494481    4                       1         
G0793003000026716    2019010420190108826900000004150105320190103000710002542700100000000041500000142000004501116    4                       1         
G0793003000026716    2019010420190108826000000003850105320181206000514095563000100000000038500000142000004514481    4                       1         
G0793003000026716    2019010420190108826600000007100105320181213000186010143900100000000071000000142000004521829    4                       1         
G0793003000026716    2019010420190108826600000003850105320181206000440095555600100000000038500000142000004534481    4                       1         
G0793003000026716    2019010420190108826500000003850105320181206000358095547700100000000038500000142000004544481    4                       1         
G0793003000026716    2019010420190108826000000003850105320181206000086095521900100000000038500000142000004554481    4                       1         
G0793003000026716    2019010420190108826500000004900105320181221000296014116500100000000049000000142000004563089    4                       1         
G0793003000026716    2019010420190108826200000004300105320181221000844014166300100000000043000000142000004573089    4                       1         
G0793003000026716    2019010420190108826400000003850105320181206000958095606400100000000038500000142000004584481    4                       1         
G0793003000026716    2019010420190108826400000003850105320181206000459095557500100000000038500000142000004594481    4                       1         
G0793003000026716    2019010420190108826700000003850105320181206000225095534900100000000038500000142000004604481    4                       1         
G0793003000026716    2019010420190108826700000003850105320181107000504000049900100000000038500000142000004614481    4                       1         
G0793003000026716    2019010420190108826200000004200105320190114000084010263800100000000042000000142000004621829    4                       1         
G0793003000026716    2019010420190108826800000004300105320190114001329010348100100000000043000000142000004631829    4                       1         
G0793003000026716    2019010420190108826300000004300105320190114000572010297200100000000043000000142000004641829    4                       1         
G0793003000026716    2019010420190108826100000004200105320190114001449010356200100000000042000000142000004651829    4                       1         
G0793003000026716    2019010420190108826700000004200105320190114001297010346200100000000042000000142000004661829    4                       1         
G0793003000026716    2019010420190108826700000004200105320190114000281010278300100000000042000000142000004671829    4                       1         
G0793003000026716    2019010420190108826300000004200105320190114001137010335700100000000042000000142000004681829    4                       1         
G0793003000026716    2019010420190108826300000004200105320190114000874010321000100000000042000000142000004691829    4                       1         
G0793003000026716    2019010420190108826900000004200105320190114001208010340300100000000042000000142000004701829    4                       1         
G0793003000026716    2019010420190108826900000004200105320190114000089010264200100000000042000000142000004711829    4                       1         
G0793003000026716    2019010420190108826900000004200105320181213001673010251400100000000042000000142000004721829    4                       1         
G0793003000026716    2019010420190108826400000005350105320190114001428010354600100000000053500000142000004731829    4                       1         
G0793003000026716    2019010420190108826800000004300105320190114000741010310400100000000043000000142000004741829    4                       1         
G0793003000026716    2019010420190108826800000004200105320190114001744010374800100000000042000000142000004751829    4                       1         
G0793003000026716    2019010420190108826200000005950105320190114000813010316500100000000059500000142000004761829    4                       1         
G0793003000026716    2019010420190108826100000029050105320190114000981010327200100000000290500000142000004771829    4                       1         
G0793003000026716    2019010420190108826100000010850105320190114001491010358900100000000108500000142000004781829    4                       1         
G0793003000026716    2019010420190108826900000004800105320181213000288010151100100000000048000000142000004791829    4                       1         
G0793003000026716    2019010420190108826200000004200105320181213001305010224700100000000042000000142000004801829    4                       1         
G0793003000026716    2019010420190108826200000004200105320181213000723010183000100000000042000000142000004811829    4                       1         
G0793003000026716    2019010420190108826200000005950105320181213000350010155600100000000059500000142000004821829    4                       1         
G0793003000026716    2019010420190108826200000005350105320181213001234010219600100000000053500000142000004831829    4                       1         
G0793003000026716    2019010420190108826100000004200105320190114001344010349000100000000042000000142000004841829    4                       1         
G0793003000026716    2019010420190108826100000004200105320190114000960010326100100000000042000000142000004851829    4                       1         
G0793003000026716    2019010420190108826600000004200105320181114001004010075700100000000042000000142000004861829    4                       1         
G0793003000026716    2019010420190108826100000004200105320181213001208010217600100000000042000000142000004871829    4                       1         
G0793003000026716    2019010420190108826400000004200105320181213000359010156100100000000042000000142000004881829    4                       1         
G0793003000026716    2019010420190108826400000018400105320190114000129010267300100000000184000000142000004891829    4                       1         
G0793003000026716    2019010420190108826800000004200105320190114001353010349500100000000042000000142000004901829    4                       1         
G0793003000026716    2019010420190108826700000004200105320181213001648010249800100000000042000000142000004911829    4                       1         
G0793003000026716    2019010420190108826200000007100105320190114001512010360600100000000071000000142000004921829    4                       1         
G0793003000026716    2019010420190108826800000004200105320181213001004010204800100000000042000000142000004931829    4                       1         
G0793003000026716    2019010420190108826600000014400105320181213000183010143700100000000144000000142000004941829    4                       1         
G0793003000026716    2019010420190108826000000013500105320181213000113010138200100000000135000000142000004951829    4                       1         
G0793003000026716    2019010420190108826400000005950105320190114000628010301500100000000059500000142000004961829    4                       1         
G0793003000026716    2019010420190108826400000005000105320190106000499014176500100000000050000000142000004973089    4                       1         
G0793003000026716    2019010420190108826400000004800105320181221000407014126800100000000048000000142000004983089    4                       1         
G0793003000026716    2019010420190108826400000004200105320181221000311014117900100000000042000000142000004993089    4                       1         
G0793003000026716    2019010420190108826300000004200105320181221000554014140800100000000042000000142000005003089    4                       1         
G0793003000026716    2019010420190108826400000004200105320181213001126010212200100000000042000000142000005011829    4                       1         
G0793003000026716    2019010420190108826600000008600105320190114000567010296800100000000086000000142000005021829    4                       1         
G0793003000026716    2019010420190108826600000004300105320181213000592010172300100000000043000000142000005031829    4                       1         
G0793003000026716    2019010420190108826600000004200105320190114001705010372400100000000042000000142000005041829    4                       1         
G0793003000026716    2019010420190108826600000004200105320190114001680010370900100000000042000000142000005051829    4                       1         
G0793003000026716    2019010420190108826600000005550105320190103001293000457500100000000055500000142000005061141    4                       1         
G0793003000026716    2019010420190108826600000004200105320190114000261010276600100000000042000000142000005071829    4                       1         
G0793003000026716    2019010420190108826600000004200105320181213000799010189900100000000042000000142000005081829    4                       1         
G0793003000026716    2019010420190108826800000004750105320190103000696002541900100000000047500000142000005091116    4                       1         
G0793003000026716    2019010420190108826400000004150105320190103000692002541600100000000041500000142000005101116    4                       1         
G0793003000026716    2019010420190108826400000004150105320190103000569002533600100000000041500000142000005111116    4                       1         
G0793003000026716    2019010420190108826300000004150105320190103000765002546500100000000041500000142000005121116    4                       1         
G0793003000026716    2019010420190108826700000004150105320190103000412002524000100000000041500000142000005131116    4                       1         
G0793003000026716    2019010420190108826200000004150105320190103000377002522000100000000041500000142000005141116    4                       1         
G0793003000026716    2019010420190108826100000005300105320190103000224002513600100000000053000000142000005151116    4                       1         
G0793003000026716    2019010420190108826600000004150105320190103000810002550300100000000041500000142000005161116    4                       1         
G0793003000026716    2019010420190108826600000004150105320190103000739002544600100000000041500000142000005171116    4                       1         
G0793003000026716    2019010420190108826200000004150105320190103000474002527800100000000041500000142000005181116    4                       1         
G0793003000026716    2019010420190108826200000004200105320181221000683014152800100000000042000000142000005193089    4                       1         
G0793003000026716    2019010420190108826900000010850105320181121000953014086700100000000108500000142000005203089    4                       1         
G0793003000026716    2019010420190108826200000001400105320181221000961014175800100000000014000000142000005213089    4                       1         
G0793003000026716    2019010420190108826100000007100105320181221000310014117800100000000071000000142000005223089    4                       1         
G0793003000026716    2019010420190108826100000005350105320181121000385014036800100000000053500000142000005233089    4                       1         
G0793003000026716    2019010420190108826200000004200105320181121000683014064700100000000042000000142000005243089    4                       1         
G0793003000026716    2019010420190108826200000004200105320181121000490014047000100000000042000000142000005253089    4                       1         
G0793003000026716    2019010420190108826100000004800105320181121000198014019200100000000048000000142000005263089    4                       1         
G0793003000026716    2019010420190108826500000004800105320181121000899014082200100000000048000000142000005273089    4                       1         
G0793003000026716    2019010420190108826600000001300105320181221000290014115900100000000013000000142000005283089    4                       1         
G0793003000026716    2019010420190108826500000004200105320181121000316014030400100000000042000000142000005293089    4                       1         
G0793003000026716    2019010420190108826000000004200105320181121000445014042600100000000042000000142000005303089    4                       1         
G0793003000026716    2019010420190108826300000005350105320181221000811014163600100000000053500000142000005313089    4                       1         
G0793003000026716    2019010420190108826700000004200105320181221000445014130400100000000042000000142000005323089    4                       1         
G0793003000026716    2019010420190108826300000004200105320181121000051014005000100000000042000000142000005333089    4                       1         
G0793003000026716    2019010420190108826600000006850105320181221000136014101300100000000068500000142000005343089    4                       1         
G0793003000026716    2019010420190108826600000005550105320181221000152014102900100000000055500000142000005353089    4                       1         
G0793003000026716    2019010420190108826600000004800105320181221000287014115600100000000048000000142000005363089    4                       1         
G0793003000026716    2019010420190108826600000004200105320181221000329014119700100000000042000000142000005373089    4                       1         
G0793003000026716    2019010420190108826300000001300105320181221000627014147400100000000013000000142000005383089    4                       1         
G0793003000026716    2019010420190108826700000004300105320181221000029014090900100000000043000000142000005393089    4                       1         
G0793003000026716    2019010420190108826700000004200105320181221000087014096600100000000042000000142000005403089    4                       1         
G0793003000026716    2019010420190108826700000004200105320181121000884014081300100000000042000000142000005413089    4                       1         
G0793003000026716    2019010420190108826300000004300105320181221000376014124100100000000043000000142000005423089    4                       1         
G0793003000026716    2019010420190108826900000004300105320181221000632014147900100000000043000000142000005433089    4                       1         
G0793003000026716    2019010420190108826800000004200105320181121000554014052900100000000042000000142000005443089    4                       1         
G0793003000026716    2019010420190108826900000004200105320181221000899014170400100000000042000000142000005453089    4                       1         
G0793003000026716    2019010420190108826800000004200105320181221000758014159200100000000042000000142000005463089    4                       1         
G0793003000026716    2019010420190108826800000004200105320181221000260014113000100000000042000000142000005473089    4                       1         
G0793003000026716    2019010420190108826800000004200105320181121000758014071000100000000042000000142000005483089    4                       1         
G0793003000026716    2019010420190108826100000004200105320181221000567014142100100000000042000000142000005493089    4                       1         
G0793003000026716    2019010420190108826400000005350105320181221000717014155800100000000053500000142000005503089    4                       1         
G0793003000026716    2019010420190108826700000004200105320190114001711010372900100000000042000000142000005511829    4                       1         
G0793003000026716    2019010420190108826300000020750105320190103001782000491800100000000207500000142000005521141    4                       1         
G0793003000026716    2019010420190108826700000004800105320181203000662000237500100000000048000000142000005531141    4                       1         
G0793003000026716    2019010420190108826300000006700105320190103001574000476400100000000067000000142000005541141    4                       1         
G0793003000026716    2019010420190108826300000006550105320181203001719000319200100000000065500000142000005551141    4                       1         
G0793003000026716    2019010420190108826700000004300105320190103001844000496600100000000043000000142000005561141    4                       1         
G0793003000026716    2019010420190108826300000004400105320190103001206000451500100000000044000000142000005571141    4                       1         
G0793003000026716    2019010420190108826300000004200105320190103001756000490000100000000042000000142000005581141    4                       1         
G0793003000026716    2019010420190108826700000004300105320190103001755000489900100000000043000000142000005591141    4                       1         
G0793003000026716    2019010420190108826700000004200105320190103001261000455800100000000042000000142000005601141    4                       1         
G0793003000026716    2019010420190108826700000004200105320190103000476000395600100000000042000000142000005611141    4                       1         
G0793003000026716    2019010420190108826200000008450105320181203001136000275900100000000084500000142000005621141    4                       1         
G0793003000026716    2019010420190108826900000004300105320190103000939000432300100000000043000000142000005631141    4                       1         
G0793003000026716    2019010420190108826900000004300105320181203000640000236100100000000043000000142000005641141    4                       1         
G0793003000026716    2019010420190108826900000004200105320190103001650000482500100000000042000000142000005651141    4                       1         
G0793003000026716    2019010420190108826900000004200105320181203000806000249400100000000042000000142000005661141    4                       1         
G0793003000026716    2019010420190108826200000008050105320190103000373000387200100000000080500000142000005671141    4                       1         
G0793003000026716    2019010420190108826200000007100105320190103002100000514400100000000071000000142000005681141    4                       1         
G0793003000026716    2019010420190108826200000005950105320190103001938000503300100000000059500000142000005691141    4                       1         
G0793003000026716    2019010420190108826900000007350105320190103002192000521400100000000073500000142000005701141    4                       1         
G0793003000026716    2019010420190108826900000004450105320190103000740000417100100000000044500000142000005711141    4                       1         
G0793003000026716    2019010420190108826200000004900105320190103000177000372000100000000049000000142000005721141    4                       1         
G0793003000026716    2019010420190108826200000004400105320190103001064000441300100000000044000000142000005731141    4                       1         
G0793003000026716    2019010420190108826200000004350105320190103000977000435100100000000043500000142000005741141    4                       1         
G0793003000026716    2019010420190108826200000004300105320190103000480000396000100000000043000000142000005751141    4                       1         
G0793003000026716    2019010420190108826100000007850105320181203000136000193900100000000078500000142000005761141    4                       1         
G0793003000026716    2019010420190108826200000004300105320190103000425000391600100000000043000000142000005771141    4                       1         
G0793003000026716    2019010420190108826200000004200105320190103002092000513700100000000042000000142000005781141    4                       1         
G0793003000026716    2019010420190108826200000004200105320190103000415000390800100000000042000000142000005791141    4                       1         
G0793003000026716    2019010420190108826200000004200105320190103000369000386900100000000042000000142000005801141    4                       1         
G0793003000026716    2019010420190108826200000004200105320181203000293000206300100000000042000000142000005811141    4                       1         
G0793003000026716    2019010420190108826100000004350105320190103001403000464900100000000043500000142000005821141    4                       1         
G0793003000026716    2019010420190108826500000004900105320190103000577000404700100000000049000000142000005831141    4                       1         
G0793003000026716    2019010420190108826500000004350105320190103001292000457400100000000043500000142000005841141    4                       1         
G0793003000026716    2019010420190108826500000004300105320190103002203000522300100000000043000000142000005851141    4                       1         
G0793003000026716    2019010420190108826500000004200105320190103001594000478000100000000042000000142000005861141    4                       1         
G0793003000026716    2019010420190108826500000004200105320181203000997000264500100000000042000000142000005871141    4                       1         
G0793003000026716    2019010420190108826000000004350105320190103001567000475900100000000043500000142000005881141    4                       1         
G0793003000026716    2019010420190108826000000004300105320190103001900000500700100000000043000000142000005891141    4                       1         
G0793003000026716    2019010420190108826000000004300105320190103001522000473300100000000043000000142000005901141    4                       1         
G0793003000026716    2019010420190108826000000004200105320190103000307000382000100000000042000000142000005911141    4                       1         
G0793003000026716    2019010420190108826000000004200105320190103000004000359700100000000042000000142000005921141    4                       1         
G0793003000026716    2019010420190108826500000008650105320190103001596000478200100000000086500000142000005931141    4                       1         
G0793003000026716    2019010420190108826000000004200105320190114000171010270200100000000042000000142000005941829    4                       1         
G0793003000026716    2019010420190108826000000005500105320190114000227010274400100000000055000000142000005951829    4                       1         
G0793003000026716    2019010420190108826700000010850105320181213001492010238800100000000108500000142000005961829    4                       1         
G0793003000026716    2019010420190108826700000008450105320190114000771010312900100000000084500000142000005971829    4                       1         
G0793003000026716    2019010420190108826700000006550105320181213000686010179800100000000065500000142000005981829    4                       1         
G0793003000026716    2019010420190108826900000004300105320190114001673010370200100000000043000000142000005991829    4                       1         
G0793003000026716    2019010420190108826300000007850105320190114000652010303300100000000078500000142000006001829    4                       1         
G0793003000026716    2019010420190108826300000007850105320181213000824010192100100000000078500000142000006011829    4                       1         
G0793003000026716    2019010420190108826300000007100105320190114001226010341600100000000071000000142000006021829    4                       1         
Z00060400000000003204100                                                                                                                              
