A2201053              HIDROFORTETOCANTINS 104CAIXA ECON. FEDERAL 2019010900152603                                                                     
G0793003000026716    2019010820190109826800000008450105320181221000444014130300100000000084500000142000000013089    2                       1         
G0793003000026716    2019010820190109826600000026000105320181213000761010186500100000000260000000142000000021829    3                       1         
G0793003000026716    2019010820190110826500000003750105300100000061073002538100000000000037500000142000000032079    4                       1         
G0793003000026716    2019010820190110826900000004250105300100000070214020241100000000000042500000142000000041226    4                       1         
G0793003000026716    2019010820190110826100000008500105300100000070217020241300000000000085000000142000000051829    4                       1         
G0793003000026716    2019010820190110826900000004050105300100000070306020247800000000000040500000142000000061829    4                       1         
G0793003000026716    2019010820190110826300000011600105300100000070231020242400000000000116000000142000000071829    4                       1         
G0793003000026716    2019010820190110826800000004150105300100000070161020237600000000000041500000142000000081829    4                       1         
G0793003000026716    2019010820190110826300000004050105300100000070319020228500000000000040500000142000000091829    4                       1         
G0793003000026716    2019010820190110826700000004150105300100000070245020242800000000000041500000142000000101829    4                       1         
G0793003000026716    2019010820190110826000000004150105300100000070402020253900000000000041500000142000000111829    4                       1         
G0793003000026716    2019010820190110826000000004150105300100000070176020238600000000000041500000142000000121829    4                       1         
G0793003000026716    2019010820190110826200000004100105300100000070032035553500000000000041000000142000000131829    4                       1         
G0793003000026716    2019010820190110826900000004150105300100000070026035632300000000000041500000142000000141829    4                       1         
G0793003000026716    2019010820190110826300000004950105300100000000582006642300000000000049500000142000000153863    4                       1         
G0793003000026716    2019010820190110826300000004700105300100000001730006653200000000000047000000142000000163863    4                       1         
G0793003000026716    2019010820190110826300000004700105300100000000660006714800000000000047000000142000000173863    4                       1         
G0793003000026716    2019010820190110826900000007350105300100000071383081350300000000000073500000142000000183939    4                       1         
G0793003000026716    2019010820190110826600000004200105300100000071966081578900000000000042000000142000000193939    4                       1         
G0793003000026716    2019010820190110826400000004200105300100000071916081574300000000000042000000142000000203939    4                       1         
G0793003000026716    2019010820190110826800000004100105300100000070969035698400000000000041000000142000000211829    4                       1         
G0793003000026716    2019010820190110826400000005650105300100000070595081448100000000000056500000142000000223939    4                       1         
G0793003000026716    2019010820190110826400000005350105300100000071636081547200000000000053500000142000000233939    4                       1         
G0793003000026716    2019010820190110826800000004100105300100000070969035622900000000000041000000142000000241829    4                       1         
G0793003000026716    2019010820190110826400000003100105300100000005190006756500000000000031000000142000000250793    4                       1         
G0793003000026716    2019010820190110826500000003100105300100000005380006758400000000000031000000142000000260793    4                       1         
G0793003000026716    2019010820190110826800000003100105300100000005310006757500000000000031000000142000000270793    4                       1         
G0793003000026716    2019010820190110826400000004100105300100000070633081451900000000000041000000142000000283939    4                       1         
G0793003000026716    2019010820190110826800000004100105300100000071864081569100000000000041000000142000000293939    4                       1         
G0793003000026716    2019010820190110826800000004300105300100000071316081343800000000000043000000142000000303939    4                       1         
G0793003000026716    2019010820190110826400000002850105300100000071988081580400000000000028500000142000000313939    4                       1         
G0793003000026716    2019010820190110826300000003200105300100000005591006764300000000000032000000142000000320793    4                       1         
G0793003000026716    2019010820190110826600000003200105300100000005350006758100000000000032000000142000000330793    4                       1         
G0793003000026716    2019010820190110826400000004150105300100000071502081534700000000000041500000142000000343939    4                       1         
G0793003000026716    2019010820190110826400000004150105300100000071773081560200000000000041500000142000000353939    4                       1         
G0793003000026716    2019010820190110826600000003100105300100000005010006754900000000000031000000142000000360793    4                       1         
G0793003000026716    2019010820190110826900000004700105300100000005590006764200000000000047000000142000000370793    4                       1         
G0793003000026716    2019010820190110826200000003100105300100000005576006691700000000000031000000142000000380793    4                       1         
G0793003000026716    2019010820190110826800000004200105300100000071154081501500000000000042000000142000000393939    4                       1         
G0793003000026716    2019010820190110826800000004200105300100000071028081489500000000000042000000142000000403939    4                       1         
G0793003000026716    2019010820190110826900000001800105300100000071923081401500000000000018000000142000000413939    4                       1         
G0793003000026716    2019010820190110826800000004150105300100000071566081540300000000000041500000142000000423939    4                       1         
G0793003000026716    2019010820190110826800000004150105300100000071180081503800000000000041500000142000000433939    4                       1         
G0793003000026716    2019010820190110826400000001500105300100000070939081307400000000000015000000142000000443939    4                       1         
G0793003000026716    2019010820190110826300000007050105300100000071376081522800000000000070500000142000000453939    4                       1         
G0793003000026716    2019010820190110826300000003250105300100000005582006763800000000000032500000142000000460793    4                       1         
G0793003000026716    2019010820190110826400000004150105300100000071014081488100000000000041500000142000000473939    4                       1         
G0793003000026716    2019010820190110826000000003100105300100000004960006754400000000000031000000142000000480793    4                       1         
G0793003000026716    2019010820190110826400000004150105300100000070666081455200000000000041500000142000000493939    4                       1         
G0793003000026716    2019010820190110826900000001300105300100000070955081482500000000000013000000142000000503939    4                       1         
G0793003000026716    2019010820190110826900000001250105300100000071355081520900000000000012500000142000000513939    4                       1         
G0793003000026716    2019010820190110826800000004100105300100000071229081508300000000000041000000142000000523939    4                       1         
G0793003000026716    2019010820190110826900000007750105300100000070334081423800000000000077500000142000000533939    4                       1         
G0793003000026716    2019010820190110826100000004100105300100000003650006671100000000000041000000142000000543863    4                       1         
G0793003000026716    2019010820190110826800000001550105300100000070451035584500000000000015500000142000000551829    4                       1         
G0793003000026716    2019010820190110826100000003200105300100000005974006776500000000000032000000142000000563863    4                       1         
G0793003000026716    2019010820190110826000000005300105300100000000360006711800000000000053000000142000000573863    4                       1         
G0793003000026716    2019010820190110826000000004800105300100000004600006751400000000000048000000142000000583863    4                       1         
G0793003000026716    2019010820190110826300000003200105300100000000190006638300000000000032000000142000000593863    4                       1         
G0793003000026716    2019010820190110826000000008400105300100000071049035703900000000000084000000142000000601829    4                       1         
G0793003000026716    2019010820190110826300000005350105300100000070468035662700000000000053500000142000000611829    4                       1         
G0793003000026716    2019010820190110826800000003800105300100000060357002476100000000000038000000142000000623738    4                       1         
G0793003000026716    2019010820190110826400000003900105300100000060545002491900000000000039000000142000000633738    4                       1         
G0793003000026716    2019010820190110826100000004150105300100000070516035666000000000000041500000142000000641829    4                       1         
G0793003000026716    2019010820190110826700000006000105300100000070960035697700000000000060000000142000000651829    4                       1         
G0793003000026716    2019010820190110826400000007850105300100000060625002498300000000000078500000142000000663738    4                       1         
G0793003000026716    2019010820190110826100000004100105300100000070649035675000000000000041000000142000000671829    4                       1         
G0793003000026716    2019010820190110826100000004100105300100000070511035665800000000000041000000142000000681829    4                       1         
G0793003000026716    2019010820190110826600000006400105300100000061207002550000000000000064000000142000000693738    4                       1         
G0793003000026716    2019010820190110826800000009900105300100000060990002531200000000000099000000142000000703738    4                       1         
G0793003000026716    2019010820190110826400000003800105300100000060308002472000000000000038000000142000000713738    4                       1         
G0793003000026716    2019010820190110826400000004650105300100000061305002456000000000000046500000142000000723738    4                       1         
G0793003000026716    2019010820190110826900000003800105300100000060842002517700000000000038000000142000000733738    4                       1         
G0793003000026716    2019010820190110826900000003750105300100000060340002474600000000000037500000142000000743738    4                       1         
G0793003000026716    2019010820190110826900000003750105300100000060520002385600000000000037500000142000000753738    4                       1         
G0793003000026716    2019010820190110826900000003600105300100000060384000624700000000000036000000142000000763738    4                       1         
G0793003000026716    2019010820190110826800000004350105300100000061170002546600000000000043500000142000000773738    4                       1         
G0793003000026716    2019010820190110826400000003750105300100000061061002433600000000000037500000142000000783738    4                       1         
G0793003000026716    2019010820190110826400000001100105300100000060752002509900000000000011000000142000000793738    4                       1         
G0793003000026716    2019010820190110826300000006000105300100000060976002426000000000000060000000142000000803738    4                       1         
G0793003000026716    2019010820190110826900000007650105300100000061062002537200000000000076500000142000000813738    4                       1         
G0793003000026716    2019010820190110826600000005450105300100000060243002361400000000000054500000142000000823738    4                       1         
G0793003000026716    2019010820190110826200000003750105300100000060890002522300000000000037500000142000000833738    4                       1         
G0793003000026716    2019010820190110826600000004350105300100000060877002521100000000000043500000142000000843738    4                       1         
G0793003000026716    2019010820190110826500000003750105300100000060318002472800000000000037500000142000000853738    4                       1         
G0793003000026716    2019010820190110826300000003800105300100000061029002534600000000000038000000142000000863738    4                       1         
G0793003000026716    2019010820190110826200000006950105300100000060625002394200000000000069500000142000000873738    4                       1         
G0793003000026716    2019010820190110826800000003850105300100000060941002422900000000000038500000142000000883738    4                       1         
G0793003000026716    2019010820190110826800000003850105300100000060487002487500000000000038500000142000000893738    4                       1         
G0793003000026716    2019010820190110826600000003800105300100000060782002512700000000000038000000142000000903738    4                       1         
G0793003000026716    2019010820190110826600000003800105300100000060381002478100000000000038000000142000000913738    4                       1         
G0793003000026716    2019010820190110826500000006300105300100000060835002517300000000000063000000142000000923738    4                       1         
G0793003000026716    2019010820190110826200000003850105300100000060221002464700000000000038500000142000000933738    4                       1         
G0793003000026716    2019010820190110826800000003850105300100000060471002381300000000000038500000142000000943738    4                       1         
G0793003000026716    2019010820190110826100000018550105300100000060847002414100000000000185500000142000000953738    4                       1         
G0793003000026716    2019010820190110826100000012300105300100000060849002414300000000000123000000142000000963738    4                       1         
G0793003000026716    2019010820190110826100000009900105300100000060990002427400000000000099000000142000000973738    4                       1         
G0793003000026716    2019010820190110826100000008450105300100000061000002532100000000000084500000142000000983738    4                       1         
G0793003000026716    2019010820190110826100000007650105300100000061075002538300000000000076500000142000000993738    4                       1         
G0793003000026716    2019010820190110826100000006000105300100000060584002390400000000000060000000142000001003738    4                       1         
G0793003000026716    2019010820190110826500000004000105300100000060261002363100000000000040000000142000001013738    4                       1         
G0793003000026716    2019010820190110826500000003800105300100000060685002503700000000000038000000142000001023738    4                       1         
G0793003000026716    2019010820190110826500000003800105300100000060205002463200000000000038000000142000001033738    4                       1         
G0793003000026716    2019010820190110826800000003850105300100000060179002461200000000000038500000142000001043738    4                       1         
G0793003000026716    2019010820190110826800000003800105300100000060791002513500000000000038000000142000001053738    4                       1         
G0793003000026716    2019010820190110826300000004900105300100000070956035697500000000000049000000142000001061829    4                       1         
G0793003000026716    2019010820190110826000000003450105300100000070090035636500000000000034500000142000001071829    4                       1         
G0793003000026716    2019010820190110826500000001250105300100000070052035634000000000000012500000142000001081829    4                       1         
G0793003000026716    2019010820190110826700000004200105300100000070630035209900000000000042000000142000001091829    4                       1         
G0793003000026716    2019010820190110826700000008450105300100000061021002430200000000000084500000142000001103738    4                       1         
G0793003000026716    2019010820190110826300000004850105300100000060957002528300000000000048500000142000001113738    4                       1         
G0793003000026716    2019010820190110826100000003750105300100000061151002441800000000000037500000142000001123738    4                       1         
G0793003000026716    2019010820190110826100000003750105300100000060561002493000000000000037500000142000001133738    4                       1         
G0793003000026716    2019010820190110826100000003600105300100000060384000521800000000000036000000142000001143738    4                       1         
G0793003000026716    2019010820190110826100000001150105300100000060294002471000000000000011500000142000001153738    4                       1         
G0793003000026716    2019010820190110826000000012250105300100000061122002542400000000000122500000142000001163738    4                       1         
G0793003000026716    2019010820190110826000000004650105300100000061272002555600000000000046500000142000001173738    4                       1         
G0793003000026716    2019010820190110826300000003750105300100000060451002484100000000000037500000142000001183738    4                       1         
G0793003000026716    2019010820190110826300000001150105300100000060382002478200000000000011500000142000001193738    4                       1         
G0793003000026716    2019010820190110826000000001300105300100000070897035692600000000000013000000142000001201829    4                       1         
G0793003000026716    2019010820190110826600000008850105300100000070270035648400000000000088500000142000001211829    4                       1         
G0793003000026716    2019010820190110826700000003950105300100000060890002418300000000000039500000142000001223738    4                       1         
G0793003000026716    2019010820190110826700000003850105300100000061020002430100000000000038500000142000001233738    4                       1         
G0793003000026716    2019010820190110826700000003800105300100000060266002468600000000000038000000142000001243738    4                       1         
G0793003000026716    2019010820190110826700000003750105300100000060838002413400000000000037500000142000001253738    4                       1         
G0793003000026716    2019010820190110826700000003750105300100000060831002517000000000000037500000142000001263738    4                       1         
G0793003000026716    2019010820190110826700000001150105300100000060861002519500000000000011500000142000001273738    4                       1         
G0793003000026716    2019010820190110826000000003850105300100000060691001802500000000000038500000142000001283738    4                       1         
G0793003000026716    2019010820190110826000000003800105300100000061142002544300000000000038000000142000001293738    4                       1         
G0793003000026716    2019010820190110826000000003750105300100000060520002490200000000000037500000142000001303738    4                       1         
G0793003000026716    2019010820190110826000000003750105300100000060394002479100000000000037500000142000001313738    4                       1         
G0793003000026716    2019010820190110826000000001650105300100000060682002503400000000000016500000142000001323738    4                       1         
G0793003000026716    2019010820190110826600000006100105300100000060410002375500000000000061000000142000001333738    4                       1         
G0793003000026716    2019010820190110826900000004100105300100000070630035552500000000000041000000142000001341829    4                       1         
G0793003000026716    2019010820190110826700000004100105300100000070828035612600000000000041000000142000001351829    4                       1         
G0793003000026716    2019010820190110826400000005500105300100000070492035664500000000000055000000142000001361829    4                       1         
G0793003000026716    2019010820190110826400000004100105300100000070379035655800000000000041000000142000001371829    4                       1         
G0793003000026716    2019010820190110826200000004200105300100000071028035702200000000000042000000142000001381829    4                       1         
G0793003000026716    2019010820190110826600000004250105300100000070311035651400000000000042500000142000001391829    4                       1         
G0793003000026716    2019010820190110826800000004150105300100000070150035638900000000000041500000142000001401829    4                       1         
G0793003000026716    2019010820190110826400000004100105300100000070203035642700000000000041000000142000001411829    4                       1         
G0793003000026716    2019010820190110826600000004500105300100000070446035661100000000000045000000142000001421829    4                       1         
G0793003000026716    2019010820190110826400000001250105300100000070007035631000000000000012500000142000001431829    4                       1         
G0793003000026716    2019010820190110826600000004100105300100000070680035677600000000000041000000142000001441829    4                       1         
G0793003000026716    2019010820190110826700000003000105300100000070618035672800000000000030000000142000001451829    4                       1         
G0793003000026716    2019010820190110826700000001250105300100000070006035630900000000000012500000142000001461829    4                       1         
G0793003000026716    2019010820190110826300000004800105300100000005936006703300000000000048000000142000001470793    4                       1         
G0793003000026716    2019010820190110826700000003200105300100000003761006743800000000000032000000142000001483863    4                       1         
G0793003000026716    2019010820190110826900000003100105300100000005644006768200000000000031000000142000001493863    4                       1         
G0793003000026716    2019010820190110826800000007050105300100000000510006713200000000000070500000142000001503863    4                       1         
G0793003000026716    2019010820190110826800000004750105300100000000670006714900000000000047500000142000001513863    4                       1         
G0793003000026716    2019010820190110826300000009100105300100000004570006679300000000000091000000142000001523863    4                       1         
G0793003000026716    2019010820190110826600000003550105300100000006006006707300000000000035500000142000001533863    4                       1         
G0793003000026716    2019010820190110826600000003100105300100000005941006703700000000000031000000142000001543863    4                       1         
G0793003000026716    2019010820190110826500000004850105300100000000582006713900000000000048500000142000001553863    4                       1         
G0793003000026716    2019010820190110826200000007550105300100000000240006710700000000000075500000142000001563863    4                       1         
G0793003000026716    2019010820190110826200000006850105300100000000510006641500000000000068500000142000001573863    4                       1         
G0793003000026716    2019010820190110826200000005200105300100000001115006647500000000000052000000142000001583863    4                       1         
G0793003000026716    2019010820190110826900000005000105300100000001730006724800000000000050000000142000001593863    4                       1         
G0793003000026716    2019010820190110826900000004950105300100000006014006707800000000000049500000142000001603863    4                       1         
G0793003000026716    2019010820190110826900000004850105300100000003790006672300000000000048500000142000001613863    4                       1         
G0793003000026716    2019010820190110826200000003300105300100000000750006644000000000000033000000142000001623863    4                       1         
G0793003000026716    2019010820190110826100000006000105300100000000310006711400000000000060000000142000001633863    4                       1         
G0793003000026716    2019010820190110826100000004700105300100000004290006676700000000000047000000142000001643863    4                       1         
G0793003000026716    2019010820190110826100000004700105300100000004110006746900000000000047000000142000001653863    4                       1         
G0793003000026716    2019010820190110826800000003350105300100000005598006693400000000000033500000142000001663863    4                       1         
G0793003000026716    2019010820190110826500000003100105300100000000200006710200000000000031000000142000001673863    4                       1         
G0793003000026716    2019010820190110826800000003200105300100000000190006710100000000000032000000142000001683863    4                       1         
G0793003000026716    2019010820190110826400000009750105300100000006005006778400000000000097500000142000001693863    4                       1         
G0793003000026716    2019010820190110826700000007450105300100000002180006657200000000000074500000142000001703863    4                       1         
G0793003000026716    2019010820190110826700000004900105300100000004710006752300000000000049000000142000001713863    4                       1         
G0793003000026716    2019010820190110826700000004700105300100000001920006654900000000000047000000142000001723863    4                       1         
G0793003000026716    2019010820190110826300000005650105300100000001350006721400000000000056500000142000001733863    4                       1         
G0793003000026716    2019010820190110826300000005100105300100000005657006697700000000000051000000142000001743863    4                       1         
G0793003000026716    2019010820190110826200000004100105300100000070630035552400000000000041000000142000001751829    4                       1         
G0793003000026716    2019010820190110826700000004200105300100000070857035690500000000000042000000142000001761829    4                       1         
G0793003000026716    2019010820190110826800000002400105300100000070275035648900000000000024000000142000001771829    4                       1         
G0793003000026716    2019010820190110826500000004450105300100000070212035643400000000000044500000142000001781829    4                       1         
G0793003000026716    2019010820190110826400000012250105300100000070660081454600000000000122500000142000001793939    4                       1         
G0793003000026716    2019010820190110826800000001250105300100000070013081410900000000000012500000142000001803939    4                       1         
G0793003000026716    2019010820190110826700000006900105300100000070605081449100000000000069000000142000001813939    4                       1         
G0793003000026716    2019010820190110826100000004200105300100000071123081498500000000000042000000142000001823939    4                       1         
G0793003000026716    2019010820190110826100000004150105300100000071687081552100000000000041500000142000001833939    4                       1         
G0793003000026716    2019010820190110826100000004150105300100000071438081528700000000000041500000142000001843939    4                       1         
G0793003000026716    2019010820190110826700000004300105300100000071723081555400000000000043000000142000001853939    4                       1         
G0793003000026716    2019010820190110826100000004150105300100000070485081437900000000000041500000142000001863939    4                       1         
G0793003000026716    2019010820190110826100000004100105300100000070443081434200000000000041000000142000001873939    4                       1         
G0793003000026716    2019010820190110826300000005600105300100000071666081550000000000000056000000142000001883939    4                       1         
G0793003000026716    2019010820190110826100000001300105300100000070355081425700000000000013000000142000001893939    4                       1         
G0793003000026716    2019010820190110826000000007650105300100000071117081497900000000000076500000142000001903939    4                       1         
G0793003000026716    2019010820190110826000000004200105300100000070896081477200000000000042000000142000001913939    4                       1         
G0793003000026716    2019010820190110826300000001300105300100000071867081569400000000000013000000142000001923939    4                       1         
G0793003000026716    2019010820190110826000000004150105300100000071309081516300000000000041500000142000001933939    4                       1         
G0793003000026716    2019010820190110826700000004200105300100000071141081327000000000000042000000142000001943939    4                       1         
G0793003000026716    2019010820190110826700000004100105300100000071526081536600000000000041000000142000001953939    4                       1         
G0793003000026716    2019010820190110826700000004100105300100000071316081517000000000000041000000142000001963939    4                       1         
G0793003000026716    2019010820190110826700000004100105300100000070794081467600000000000041000000142000001973939    4                       1         
G0793003000026716    2019010820190110826700000003100105300100000070451081434900000000000031000000142000001983939    4                       1         
G0793003000026716    2019010820190110826700000001250105300100000070917081305700000000000012500000142000001993939    4                       1         
G0793003000026716    2019010820190110826600000016000105300100000071800081582900000000000160000000142000002003939    4                       1         
G0793003000026716    2019010820190110826600000014250105300100000070534081268800000000000142500000142000002013939    4                       1         
G0793003000026716    2019010820190110826600000013100105300100000070532081268600000000000131000000142000002023939    4                       1         
G0793003000026716    2019010820190110826000000004150105300100000070833081471300000000000041500000142000002033939    4                       1         
G0793003000026716    2019010820190110826000000004150105300100000070345081424700000000000041500000142000002043939    4                       1         
G0793003000026716    2019010820190110826000000004100105300100000070821081470100000000000041000000142000002053939    4                       1         
G0793003000026716    2019010820190110826000000004100105300100000070652081453800000000000041000000142000002063939    4                       1         
G0793003000026716    2019010820190110826600000005800105300100000071561081539800000000000058000000142000002073939    4                       1         
G0793003000026716    2019010820190110826000000001350105300100000070825081470500000000000013500000142000002083939    4                       1         
G0793003000026716    2019010820190110826000000001250105300100000070922081479700000000000012500000142000002093939    4                       1         
G0793003000026716    2019010820190110826800000004100105300100000070996035705300000000000041000000142000002101829    4                       1         
G0793003000026716    2019010820190110826900000009900105300100000071047035703700000000000099000000142000002111829    4                       1         
G0793003000026716    2019010820190110826800000004100105300100000070518035666100000000000041000000142000002121829    4                       1         
G0793003000026716    2019010820190110826800000004100105300100000070490035664300000000000041000000142000002131829    4                       1         
G0793003000026716    2019010820190110826500000004200105300100000070972035698700000000000042000000142000002141829    4                       1         
G0793003000026716    2019010820190110826500000004200105300100000070878035691800000000000042000000142000002151829    4                       1         
G0793003000026716    2019010820190110826600000004200105300100000071842081567100000000000042000000142000002163939    4                       1         
G0793003000026716    2019010820190110826600000001300105300100000070973081484000000000000013000000142000002173939    4                       1         
G0793003000026716    2019010820190110826500000032950105300100000070633081278500000000000329500000142000002183939    4                       1         
G0793003000026716    2019010820190110826500000010800105300100000071513081535500000000000108000000142000002193939    4                       1         
G0793003000026716    2019010820190110826200000004800105300100000071112081497400000000000048000000142000002203939    4                       1         
G0793003000026716    2019010820190110826200000004650105300100000071238081509200000000000046500000142000002213939    4                       1         
G0793003000026716    2019010820190110826900000006450105300100000071651081548700000000000064500000142000002223939    4                       1         
G0793003000026716    2019010820190110826900000005700105300100000071918081401000000000000057000000142000002233939    4                       1         
G0793003000026716    2019010820190110826200000004300105300100000071855081568400000000000043000000142000002243939    4                       1         
G0793003000026716    2019010820190110826200000004300105300100000070663081454900000000000043000000142000002253939    4                       1         
G0793003000026716    2019010820190110826200000004300105300100000070257081416400000000000043000000142000002263939    4                       1         
G0793003000026716    2019010820190110826200000004250105300100000071317081517100000000000042500000142000002273939    4                       1         
G0793003000026716    2019010820190110826900000004250105300100000071945081577100000000000042500000142000002283939    4                       1         
G0793003000026716    2019010820190110826200000004200105300100000071712081554400000000000042000000142000002293939    4                       1         
G0793003000026716    2019010820190110826200000004200105300100000071021081315200000000000042000000142000002303939    4                       1         
G0793003000026716    2019010820190110826200000004100105300100000071731081556200000000000041000000142000002313939    4                       1         
G0793003000026716    2019010820190110826200000004100105300100000070784081293000000000000041000000142000002323939    4                       1         
G0793003000026716    2019010820190110826200000004100105300100000070610081449600000000000041000000142000002333939    4                       1         
G0793003000026716    2019010820190110826200000004100105300100000070139081413800000000000041000000142000002343939    4                       1         
G0793003000026716    2019010820190110826200000003600105300100000070838081471800000000000036000000142000002353939    4                       1         
G0793003000026716    2019010820190110826200000001300105300100000070862081474000000000000013000000142000002363939    4                       1         
G0793003000026716    2019010820190110826200000001250105300100000070828081470800000000000012500000142000002373939    4                       1         
G0793003000026716    2019010820190110826900000004200105300100000071823081565200000000000042000000142000002383939    4                       1         
G0793003000026716    2019010820190110826900000004200105300100000071382081523400000000000042000000142000002393939    4                       1         
G0793003000026716    2019010820190110826900000004200105300100000070213081414800000000000042000000142000002403939    4                       1         
G0793003000026716    2019010820190110826900000012100105300100000070913081478800000000000121000000142000002413939    4                       1         
G0793003000026716    2019010820190110826900000009200105300100000071650081548600000000000092000000142000002423939    4                       1         
G0793003000026716    2019010820190110826500000004250105300100000070888081302900000000000042500000142000002433939    4                       1         
G0793003000026716    2019010820190110826500000004200105300100000071585081542200000000000042000000142000002443939    4                       1         
G0793003000026716    2019010820190110826500000004200105300100000071161081502200000000000042000000142000002453939    4                       1         
G0793003000026716    2019010820190110826500000004150105300100000071711081554300000000000041500000142000002463939    4                       1         
G0793003000026716    2019010820190110826500000004100105300100000071274081512800000000000041000000142000002473939    4                       1         
G0793003000026716    2019010820190110826500000004100105300100000070872081475000000000000041000000142000002483939    4                       1         
G0793003000026716    2019010820190110826800000003550105300100000071272081512600000000000035500000142000002493939    4                       1         
G0793003000026716    2019010820190110826500000001800105300100000071702081553400000000000018000000142000002503939    4                       1         
G0793003000026716    2019010820190110826500000001300105300100000071541081537900000000000013000000142000002513939    4                       1         
G0793003000026716    2019010820190110826500000001300105300100000070771081465400000000000013000000142000002523939    4                       1         
G0793003000026716    2019010820190110826500000001250105300100000072002081581200000000000012500000142000002533939    4                       1         
G0793003000026716    2019010820190110826800000003100105300100000070900081304100000000000031000000142000002543939    4                       1         
G0793003000026716    2019010820190110826800000001300105300100000070823081470300000000000013000000142000002553939    4                       1         
G0793003000026716    2019010820190110826500000001250105300100000070824081470400000000000012500000142000002563939    4                       1         
G0793003000026716    2019010820190110826400000013450105300100000071308081343000000000000134500000142000002573939    4                       1         
G0793003000026716    2019010820190110826700000004200105320181203001146000276600100000000042000000142000002581141    4                       1         
G0793003000026716    2019010820190110826100000004200105320181203000876000255100100000000042000000142000002591141    4                       1         
G0793003000026716    2019010820190110826700000008450105320181203000187000197900100000000084500000142000002601141    4                       1         
G0793003000026716    2019010820190110826700000004900105320190103000892000428600100000000049000000142000002611141    4                       1         
G0793003000026716    2019010820190110826400000006550105320181203001404000296000100000000065500000142000002621141    4                       1         
G0793003000026716    2019010820190110826400000005500105320190103000703000414100100000000055000000142000002631141    4                       1         
G0793003000026716    2019010820190110826400000004300105320190103001928000502800100000000043000000142000002641141    4                       1         
G0793003000026716    2019010820190110826700000004300105320190103001693000485400100000000043000000142000002651141    4                       1         
G0793003000026716    2019010820190110826700000004300105320190103000508000398500100000000043000000142000002661141    4                       1         
G0793003000026716    2019010820190110826700000004300105320190103000479000395900100000000043000000142000002671141    4                       1         
G0793003000026716    2019010820190110826000000020400105320190103000492000397100100000000204000000142000002681141    4                       1         
G0793003000026716    2019010820190110826000000005450105320190103002128000516300100000000054500000142000002691141    4                       1         
G0793003000026716    2019010820190110826000000004950105320190103001140000447200100000000049500000142000002701141    4                       1         
G0793003000026716    2019010820190110826000000004300105320190103000925000431100100000000043000000142000002711141    4                       1         
G0793003000026716    2019010820190110826300000004200105320190103001579000476600100000000042000000142000002721141    4                       1         
G0793003000026716    2019010820190110826300000004200105320181203001868000331300100000000042000000142000002731141    4                       1         
G0793003000026716    2019010820190110826300000004200105320181203001130000275300100000000042000000142000002741141    4                       1         
G0793003000026716    2019010820190110826300000004200105320181101001146000096400100000000042000000142000002751141    4                       1         
G0793003000026716    2019010820190110826000000004300105320190103000070000364300100000000043000000142000002761141    4                       1         
G0793003000026716    2019010820190110826000000004200105320190103001294000457600100000000042000000142000002771141    4                       1         
G0793003000026716    2019010820190110826000000004200105320190103000614000407900100000000042000000142000002781141    4                       1         
G0793003000026716    2019010820190110826000000004200105320190103000264000378800100000000042000000142000002791141    4                       1         
G0793003000026716    2019010820190110826200000013750105320190103000520000399700100000000137500000142000002801141    4                       1         
G0793003000026716    2019010820190110826600000007200105320190103002038000510200100000000072000000142000002811141    4                       1         
G0793003000026716    2019010820190110826600000006550105320181114000006010000300100000000065500000142000002821829    4                       1         
G0793003000026716    2019010820190110826400000004200105320190114000044010260800100000000042000000142000002831829    4                       1         
G0793003000026716    2019010820190110826400000004200105320181213001364010228800100000000042000000142000002841829    4                       1         
G0793003000026716    2019010820190110826800000004200105320181213001662010250600100000000042000000142000002851829    4                       1         
G0793003000026716    2019010820190110826800000004200105320190114000858010320300100000000042000000142000002861829    4                       1         
G0793003000026716    2019010820190110826800000004200105320181213001099010210700100000000042000000142000002871829    4                       1         
G0793003000026716    2019010820190110826800000004200105320181114001099010081500100000000042000000142000002881829    4                       1         
G0793003000026716    2019010820190110826600000004200105320190114000206010272700100000000042000000142000002891829    4                       1         
G0793003000026716    2019010820190110826900000007850105320190114000379010284700100000000078500000142000002901829    4                       1         
G0793003000026716    2019010820190110826600000004200105320181213000808010190700100000000042000000142000002911829    4                       1         
G0793003000026716    2019010820190110826200000004200105320181213000993010203900100000000042000000142000002921829    4                       1         
G0793003000026716    2019010820190110826600000004200105320181213000322010153800100000000042000000142000002931829    4                       1         
G0793003000026716    2019010820190110826500000010850105320190114000447010289300100000000108500000142000002941829    4                       1         
G0793003000026716    2019010820190110826200000006300105320190114000018010259400100000000063000000142000002951829    4                       1         
G0793003000026716    2019010820190110826900000005500105320190114000484010291300100000000055000000142000002961829    4                       1         
G0793003000026716    2019010820190110826200000004300105320190114000009010258700100000000043000000142000002971829    4                       1         
G0793003000026716    2019010820190110826200000004200105320190114001746010375000100000000042000000142000002981829    4                       1         
G0793003000026716    2019010820190110826200000004200105320190114000156010269200100000000042000000142000002991829    4                       1         
G0793003000026716    2019010820190110826900000004200105320190114001101010333600100000000042000000142000003001829    4                       1         
G0793003000026716    2019010820190110826900000004200105320190114001084010332700100000000042000000142000003011829    4                       1         
G0793003000026716    2019010820190110826900000004200105320190114000969010326700100000000042000000142000003021829    4                       1         
G0793003000026716    2019010820190110826900000004200105320190114000645010302700100000000042000000142000003031829    4                       1         
G0793003000026716    2019010820190110826400000004300105320190103001636000481700100000000043000000142000003041141    4                       1         
G0793003000026716    2019010820190110826800000004300105320190103001265000456000100000000043000000142000003051141    4                       1         
G0793003000026716    2019010820190110826400000004300105320190103001356000461800100000000043000000142000003061141    4                       1         
G0793003000026716    2019010820190110826400000004300105320190103001109000444900100000000043000000142000003071141    4                       1         
G0793003000026716    2019010820190110826400000004300105320190103000597000406300100000000043000000142000003081141    4                       1         
G0793003000026716    2019010820190110826800000004300105320190103000011000360200100000000043000000142000003091141    4                       1         
G0793003000026716    2019010820190110826800000012550105320190103001840000496300100000000125500000142000003101141    4                       1         
G0793003000026716    2019010820190110826800000004200105320190103000909000429900100000000042000000142000003111141    4                       1         
G0793003000026716    2019010820190110826800000006700105320190103000191000373100100000000067000000142000003121141    4                       1         
G0793003000026716    2019010820190110826300000006650105320190103001709000486200100000000066500000142000003131141    4                       1         
G0793003000026716    2019010820190110826800000004300105320190103001852000497000100000000043000000142000003141141    4                       1         
G0793003000026716    2019010820190110826300000006100105320181203001688000316900100000000061000000142000003151141    4                       1         
G0793003000026716    2019010820190110826600000005000105320190103001947000504000100000000050000000142000003161141    4                       1         
G0793003000026716    2019010820190110826600000004200105320190114001429010354700100000000042000000142000003171009    4                       1         
G0793003000026716    2019010820190110826600000004200105320190114001656010369100100000000042000000142000003181829    4                       1         
G0793003000026716    2019010820190110826400000003850105320181206000444095556000100000000038500000142000003194481    4                       1         
G0793003000026716    2019010820190110826200000003850105320181107000841000083600100000000038500000142000003204481    4                       1         
G0793003000026716    2019010820190110826800000003850105320181206000393095551100100000000038500000142000003214481    4                       1         
G0793003000026716    2019010820190110826100000003850105320181206000439095555500100000000038500000142000003224481    4                       1         
G0793003000026716    2019010820190110826400000003850105320181206001066095617100100000000038500000142000003234481    4                       1         
G0793003000026716    2019010820190110826600000003850105320181107000036000003500100000000038500000142000003244481    4                       1         
G0793003000026716    2019010820190110826600000004300105320190103000886000428400100000000043000000142000003251141    4                       1         
G0793003000026716    2019010820190110826500000003850105320181107000201000019600100000000038500000142000003264481    4                       1         
G0793003000026716    2019010820190110826600000004300105320190103000265000378900100000000043000000142000003271141    4                       1         
G0793003000026716    2019010820190110826000000003850105320181107000695000069000100000000038500000142000003284481    4                       1         
G0793003000026716    2019010820190110826600000004200105320190103001300000457900100000000042000000142000003291141    4                       1         
G0793003000026716    2019010820190110826300000004200105320190115000266022024000100000000042000000142000003303738    4                       1         
G0793003000026716    2019010820190110826000000003850105320181206000929095603500100000000038500000142000003314481    4                       1         
G0793003000026716    2019010820190110826000000003850105320181206000875095598100100000000038500000142000003324481    4                       1         
G0793003000026716    2019010820190110826000000003850105320181107000875000087000100000000038500000142000003334481    4                       1         
G0793003000026716    2019010820190110826200000003850105320181206001018095612400100000000038500000142000003344481    4                       1         
G0793003000026716    2019010820190110826200000003850105320181206000742095584800100000000038500000142000003354481    4                       1         
G0793003000026716    2019010820190110826200000003850105320181206000335095545400100000000038500000142000003364481    4                       1         
G0793003000026716    2019010820190110826200000003850105320181206000329095544800100000000038500000142000003374481    4                       1         
G0793003000026716    2019010820190110826100000004300105320190103000312000382500100000000043000000142000003383437    4                       1         
G0793003000026716    2019010820190110826600000004200105320181203002038000344500100000000042000000142000003391141    4                       1         
G0793003000026716    2019010820190110826600000004200105320181203001623000312100100000000042000000142000003401141    4                       1         
G0793003000026716    2019010820190110826500000020200105320190103001716000486900100000000202000000142000003411141    4                       1         
G0793003000026716    2019010820190110826500000004800105320181203001950000337500100000000048000000142000003421141    4                       1         
G0793003000026716    2019010820190110826500000004600105320190103000252000377600100000000046000000142000003431141    4                       1         
G0793003000026716    2019010820190110826900000006550105320181203001554000307000100000000065500000142000003441141    4                       1         
G0793003000026716    2019010820190110826200000008000105320190103001250000454900100000000080000000142000003451141    4                       1         
G0793003000026716    2019010820190110826200000004350105320190103000155000370600100000000043500000142000003461141    4                       1         
G0793003000026716    2019010820190110826900000004800105320190103000418000391000100000000048000000142000003471141    4                       1         
G0793003000026716    2019010820190110826200000004300105320190103000452000393800100000000043000000142000003481141    4                       1         
G0793003000026716    2019010820190110826900000004350105320190103002217000523200100000000043500000142000003491141    4                       1         
G0793003000026716    2019010820190110826900000004300105320190103001372000463000100000000043000000142000003501141    4                       1         
G0793003000026716    2019010820190110826900000004300105320190103000488000396700100000000043000000142000003511141    4                       1         
G0793003000026716    2019010820190110826200000004200105320181203000730000243100100000000042000000142000003521141    4                       1         
G0793003000026716    2019010820190110826900000004200105320190103001497000471500100000000042000000142000003531141    4                       1         
G0793003000026716    2019010820190110826100000006300105320190103000256000378000100000000063000000142000003541141    4                       1         
G0793003000026716    2019010820190110826100000005350105320181203000944000260400100000000053500000142000003551141    4                       1         
G0793003000026716    2019010820190110826900000004200105320190103000678000412300100000000042000000142000003561141    4                       1         
G0793003000026716    2019010820190110826900000010850105320181203001882000332500100000000108500000142000003571141    4                       1         
G0793003000026716    2019010820190110826100000004300105320190103001855000497200100000000043000000142000003581141    4                       1         
G0793003000026716    2019010820190110826100000004300105320190103001807000493800100000000043000000142000003591141    4                       1         
G0793003000026716    2019010820190110826100000004300105320190103000348000385300100000000043000000142000003601141    4                       1         
G0793003000026716    2019010820190110826100000004300105320190103000147000369900100000000043000000142000003611141    4                       1         
G0793003000026716    2019010820190110826100000004300105320190103000078000364800100000000043000000142000003621141    4                       1         
G0793003000026716    2019010820190110826100000004200105320190103001362000462100100000000042000000142000003631141    4                       1         
G0793003000026716    2019010820190110826900000010300105320190103000409000390200100000000103000000142000003641141    4                       1         
G0793003000026716    2019010820190110826500000004500105320190103000437000392600100000000045000000142000003651141    4                       1         
G0793003000026716    2019010820190110826500000004300105320190103001868000498200100000000043000000142000003661141    4                       1         
G0793003000026716    2019010820190110826500000004300105320190103001073000442100100000000043000000142000003671141    4                       1         
G0793003000026716    2019010820190110826500000004300105320190103000399000389300100000000043000000142000003681141    4                       1         
G0793003000026716    2019010820190110826500000004300105320190103000322000383200100000000043000000142000003691141    4                       1         
G0793003000026716    2019010820190110826500000004200105320190103000077000364700100000000042000000142000003701141    4                       1         
G0793003000026716    2019010820190110826700000018400105320181203000264000204300100000000184000000142000003711141    4                       1         
G0793003000026716    2019010820190110826400000003850105320181206000886095599200100000000038500000142000003724481    4                       1         
G0793003000026716    2019010820190110826300000010100105320190115000721018060000100000000101000000142000003731141    4                       1         
G0793003000026716    2019010820190110826400000004200105320190115000713018059200100000000042000000142000003741141    4                       1         
G0793003000026716    2019010820190110826800000004200105320190115000625018052200100000000042000000142000003751141    4                       1         
G0793003000026716    2019010820190110826800000004200105320190115000452018037100100000000042000000142000003761141    4                       1         
G0793003000026716    2019010820190110826800000004200105320190115000208018017600100000000042000000142000003771141    4                       1         
G0793003000026716    2019010820190110826900000004200105320190115000171018014400100000000042000000142000003781141    4                       1         
G0793003000026716    2019010820190110826600000004200105320190115000569018047100100000000042000000142000003791141    4                       1         
G0793003000026716    2019010820190110826600000004200105320190115000351018028800100000000042000000142000003801141    4                       1         
G0793003000026716    2019010820190110826900000004200105320190115000663018055600100000000042000000142000003811141    4                       1         
G0793003000026716    2019010820190110826900000004200105320190115000471018038800100000000042000000142000003821141    4                       1         
G0793003000026716    2019010820190110826900000004200105320190115000246018020500100000000042000000142000003831141    4                       1         
G0793003000026716    2019010820190110826200000010100105320190115000420018034400100000000101000000142000003841141    4                       1         
G0793003000026716    2019010820190110826300000004200105320190115000646018054100100000000042000000142000003851141    4                       1         
G0793003000026716    2019010820190110826500000004200105320190115000629018052600100000000042000000142000003861141    4                       1         
G0793003000026716    2019010820190110826100000004200105320190115000217018018400100000000042000000142000003871141    4                       1         
G0793003000026716    2019010820190110826100000004200105320190115000570018047200100000000042000000142000003881141    4                       1         
G0793003000026716    2019010820190110826100000004200105320190115000521018042900100000000042000000142000003891141    4                       1         
G0793003000026716    2019010820190110826100000004200105320190115000363018029800100000000042000000142000003901141    4                       1         
G0793003000026716    2019010820190110826500000004200105320190115000209018017700100000000042000000142000003911141    4                       1         
G0793003000026716    2019010820190110826500000004200105320190115000123018010700100000000042000000142000003921141    4                       1         
G0793003000026716    2019010820190110826700000004200105320190115000648018054300100000000042000000142000003931141    4                       1         
G0793003000026716    2019010820190110826300000004200105320190115000488018040000100000000042000000142000003941141    4                       1         
G0793003000026716    2019010820190110826000000004200105320190115000677018056700100000000042000000142000003951141    4                       1         
G0793003000026716    2019010820190110826300000004200105320190115000213018018000100000000042000000142000003961141    4                       1         
G0793003000026716    2019010820190110826300000004200105320190115000112018009600100000000042000000142000003971141    4                       1         
G0793003000026716    2019010820190110826000000004200105320190115000168018014100100000000042000000142000003981141    4                       1         
G0793003000026716    2019010820190110826700000004200105320190115000613018051000100000000042000000142000003991141    4                       1         
G0793003000026716    2019010820190110826700000004200105320190115000344018028300100000000042000000142000004001141    4                       1         
G0793003000026716    2019010820190110826500000005900105320190103000458002526700100000000059000000142000004011116    4                       1         
G0793003000026716    2019010820190110826500000005300105320190103000423002524700100000000053000000142000004021116    4                       1         
G0793003000026716    2019010820190110826200000006450105320190103000612002536500100000000064500000142000004031116    4                       1         
G0793003000026716    2019010820190110826100000010700105320190103000075002504000100000000107000000142000004041116    4                       1         
G0793003000026716    2019010820190110826900000004150105320190103000234002514300100000000041500000142000004051116    4                       1         
G0793003000026716    2019010820190110826100000004150105320190103000090002504900100000000041500000142000004061116    4                       1         
G0793003000026716    2019010820190110826100000003850105320181206001028095613300100000000038500000142000004074481    4                       1         
G0793003000026716    2019010820190110826200000004200105320190115000509022045600100000000042000000142000004083738    4                       1         
G0793003000026716    2019010820190110826200000004200105320190115000294022026700100000000042000000142000004093738    4                       1         
G0793003000026716    2019010820190110826600000004200105320190115000042022003600100000000042000000142000004103738    4                       1         
G0793003000026716    2019010820190110826200000004200105320190115000548022049100100000000042000000142000004113738    4                       1         
G0793003000026716    2019010820190110826900000004200105320190115000092022008200100000000042000000142000004123738    4                       1         
G0793003000026716    2019010820190110826600000004200105320190115000465022041700100000000042000000142000004133738    4                       1         
G0793003000026716    2019010820190110826700000004200105320190115000057022005100100000000042000000142000004143738    4                       1         
G0793003000026716    2019010820190110826500000004200105320190115000077022006900100000000042000000142000004153738    4                       1         
G0793003000026716    2019010820190110826800000004200105320190115000207022018700100000000042000000142000004163738    4                       1         
G0793003000026716    2019010820190110826200000004200105320190115000098022008700100000000042000000142000004173738    4                       1         
G0793003000026716    2019010820190110826400000004800105320190115000730022064100100000000048000000142000004183738    4                       1         
G0793003000026716    2019010820190110826900000004200105320190115000008022000700100000000042000000142000004193738    4                       1         
G0793003000026716    2019010820190110826900000006550105320190115000011022001000100000000065500000142000004203738    4                       1         
G0793003000026716    2019010820190110826900000004200105320190115000507022045400100000000042000000142000004213738    4                       1         
G0793003000026716    2019010820190110826100000004800105320190115000534022047700100000000048000000142000004223738    4                       1         
G0793003000026716    2019010820190110826600000004200105320181221000746014158100100000000042000000142000004233089    4                       1         
G0793003000026716    2019010820190110826000000012700105320181221000461014132000100000000127000000142000004243089    4                       1         
G0793003000026716    2019010820190110826300000004300105320181221000947014174500100000000043000000142000004253089    4                       1         
G0793003000026716    2019010820190110826800000004200105320190114000809010316100100000000042000000142000004261829    4                       1         
G0793003000026716    2019010820190110826100000004200105320181121000240014023100100000000042000000142000004273089    4                       1         
G0793003000026716    2019010820190110826100000004200105320181221000240014111200100000000042000000142000004283089    4                       1         
G0793003000026716    2019010820190110826000000004150105320190103000304002518300100000000041500000142000004291116    4                       1         
G0793003000026716    2019010820190110826800000004200105320190115000728022063900100000000042000000142000004303738    4                       1         
G0793003000026716    2019010820190110826800000004200105320190115000429022038600100000000042000000142000004313738    4                       1         
G0793003000026716    2019010820190110826700000005300105320190103000111002506100100000000053000000142000004321116    4                       1         
G0793003000026716    2019010820190110826800000004200105320190115000296022026800100000000042000000142000004333738    4                       1         
G0793003000026716    2019010820190110826600000004200105320190115000171022015100100000000042000000142000004343738    4                       1         
G0793003000026716    2019010820190110826100000004200105320190115000428022038500100000000042000000142000004353738    4                       1         
G0793003000026716    2019010820190110826100000004200105320190115000299022027000100000000042000000142000004363738    4                       1         
G0793003000026716    2019010820190110826500000004200105320190115000472022042300100000000042000000142000004373738    4                       1         
G0793003000026716    2019010820190110826500000004200105320190115000149022013200100000000042000000142000004383738    4                       1         
G0793003000026716    2019010820190110826700000008450105320190115000345022031000100000000084500000142000004393738    4                       1         
G0793003000026716    2019010820190110826700000008450105320190115000041022003500100000000084500000142000004403738    4                       1         
G0793003000026716    2019010820190110826000000004200105320190115000743022065300100000000042000000142000004413738    4                       1         
G0793003000026716    2019010820190110826300000004200105320190115000455022041000100000000042000000142000004423738    4                       1         
G0793003000026716    2019010820190110826300000004200105320190115000143022012600100000000042000000142000004433738    4                       1         
G0793003000026716    2019010820190110826300000004200105320190115000027022002300100000000042000000142000004443738    4                       1         
G0793003000026716    2019010820190110826000000004200105320190115000467022041900100000000042000000142000004453738    4                       1         
G0793003000026716    2019010820190110826000000004200105320190115000182022016200100000000042000000142000004463738    4                       1         
G0793003000026716    2019010820190110826700000004200105320190115000596022053500100000000042000000142000004473738    4                       1         
G0793003000026716    2019010820190110826700000004200105320190115000457022041200100000000042000000142000004483738    4                       1         
G0793003000026716    2019010820190110826000000007800105320190103000122002506800100000000078000000142000004491116    4                       1         
G0793003000026716    2019010820190110826200000009250105320190103000628002537400100000000092500000142000004501116    4                       1         
G0793003000026716    2019010820190110826000000004150105320190103000629002537500100000000041500000142000004511116    4                       1         
G0793003000026716    2019010820190110826700000004150105320190103000124002507000100000000041500000142000004521116    4                       1         
G0793003000026716    2019010820190110826700000004200105320181213000438010161800100000000042000000142000004531829    4                       1         
G0793003000026716    2019010820190110826100000004200105320181213001049010207400100000000042000000142000004541829    4                       1         
G0793003000026716    2019010820190110826700000004350105320190114000715010308200100000000043500000142000004551829    4                       1         
G0793003000026716    2019010820190110826500000004200105320190114000853010319800100000000042000000142000004561829    4                       1         
G0793003000026716    2019010820190110826900000004200105320181213000556010169600100000000042000000142000004571829    4                       1         
G0793003000026716    2019010820190110826900000004200105320190114000226010274300100000000042000000142000004581829    4                       1         
G0793003000026716    2019010820190110826100000006550105320181213000759010186300100000000065500000142000004591829    4                       1         
G0793003000026716    2019010820190110826100000006100105320181213001736010255600100000000061000000142000004601829    4                       1         
G0793003000026716    2019010820190110826100000005950105320181213000806010190500100000000059500000142000004611829    4                       1         
G0793003000026716    2019010820190110826700000004200105320190114001001010328600100000000042000000142000004621829    4                       1         
G0793003000026716    2019010820190110826300000005350105320181213000891010196700100000000053500000142000004631829    4                       1         
G0793003000026716    2019010820190110826300000005050105320190114000806010315900100000000050500000142000004641829    4                       1         
G0793003000026716    2019010820190110826000000004200105320181213000151010141200100000000042000000142000004651829    4                       1         
G0793003000026716    2019010820190110826200000021550105320190114000228010274500100000000215500000142000004661829    4                       1         
G0793003000026716    2019010820190110826700000004200105320190114000146010268600100000000042000000142000004671829    4                       1         
G0793003000026716    2019010820190110826100000005350105320190114000579010297700100000000053500000142000004681829    4                       1         
G0793003000026716    2019010820190110826300000004800105320181213000454010162600100000000048000000142000004691829    4                       1         
G0793003000026716    2019010820190110826000000012250105320190114001520010361100100000000122500000142000004701829    4                       1         
G0793003000026716    2019010820190110826000000004200105320190114000648010303000100000000042000000142000004711829    4                       1         
G0793003000026716    2019010820190110826000000004200105320190114000121010266500100000000042000000142000004721829    4                       1         
G0793003000026716    2019010820190110826000000006550105320181213001459010236400100000000065500000142000004731829    4                       1         
G0793003000026716    2019010820190110826000000004800105320181213001677010251800100000000048000000142000004741829    4                       1         
G0793003000026716    2019010820190110826300000004200105320190114000497010292100100000000042000000142000004751829    4                       1         
G0793003000026716    2019010820190110826000000004200105320190114001106010333800100000000042000000142000004761829    4                       1         
G0793003000026716    2019010820190110826000000004200105320190114000818010316900100000000042000000142000004771829    4                       1         
G0793003000026716    2019010820190110826900000004200105320181213001509010240100100000000042000000142000004781829    4                       1         
G0793003000026716    2019010820190110826700000004200105320190114000143010268300100000000042000000142000004791829    4                       1         
G0793003000026716    2019010820190110826300000004200105320190114000339010282300100000000042000000142000004801829    4                       1         
G0793003000026716    2019010820190110826300000004200105320181213001609010247000100000000042000000142000004811829    4                       1         
G0793003000026716    2019010820190110826700000004200105320181213000715010182300100000000042000000142000004821829    4                       1         
G0793003000026716    2019010820190110826900000004200105320181213001397010231400100000000042000000142000004831829    4                       1         
G0793003000026716    2019010820190110826100000004800105320190114000353010283100100000000048000000142000004841829    4                       1         
G0793003000026716    2019010820190110826100000004300105320190114000403010286200100000000043000000142000004851829    4                       1         
G0793003000026716    2019010820190110826100000004300105320181213001436010234700100000000043000000142000004861829    4                       1         
G0793003000026716    2019010820190110826100000004200105320190114000952010325600100000000042000000142000004871829    4                       1         
G0793003000026716    2019010820190110826100000004200105320190114000383010285000100000000042000000142000004881829    4                       1         
G0793003000026716    2019010820190110826100000004200105320190114000292010278900100000000042000000142000004891829    4                       1         
G0793003000026716    2019010820190110826100000004200105320190114000017010259300100000000042000000142000004901829    4                       1         
G0793003000026716    2019010820190110826500000004200105320181213001435010234600100000000042000000142000004911829    4                       1         
G0793003000026716    2019010820190110826800000001300105320190114001730010373900100000000013000000142000004921829    4                       1         
G0793003000026716    2019010820190110826700000006550105320181221000036014091500100000000065500000142000004933089    4                       1         
G0793003000026716    2019010820190110826600000006100105320181213000929010199300100000000061000000142000004941829    4                       1         
G0793003000026716    2019010820190110826600000005950105320190114000983010327400100000000059500000142000004951829    4                       1         
G0793003000026716    2019010820190110826900000004200105320181121000634014088000100000000042000000142000004963089    4                       1         
G0793003000026716    2019010820190110826400000004200105320181221000634014148100100000000042000000142000004973089    4                       1         
G0793003000026716    2019010820190110826500000004200105320181121000433014041600100000000042000000142000004983089    4                       1         
G0793003000026716    2019010820190110826700000011700105320181221000039014091800100000000117000000142000004993089    4                       1         
G0793003000026716    2019010820190110826000000004300105320181221000355014122100100000000043000000142000005003089    4                       1         
G0793003000026716    2019010820190110826200000013500105320181121000036014003500100000000135000000142000005013089    4                       1         
G0793003000026716    2019010820190110826800000010850105320190115000504022045100100000000108500000142000005023738    4                       1         
Z00050400000000002515750                                                                                                                              
